Order ID,Order Date,Customer ID,Country,Product ID,Category,Sub-Category,Sales,Quantity,Discount,Profit,Shipping Cost
CA-2012-124891,7/31/2012,RH-19495,United States,TEC-AC-10003033,Technology,Accessories,2309.65,7,0,762.1845,933.57
IN-2013-77878,2/5/2013,JR-16210,Australia,FUR-CH-10003950,Furniture,Chairs,3709.395,9,0.1,-288.765,923.63
IN-2013-71249,10/17/2013,CR-12730,Australia,TEC-PH-10004664,Technology,Phones,5175.171,9,0.1,919.971,915.49
ES-2013-1579342,1/28/2013,KM-16375,Germany,TEC-PH-10004583,Technology,Phones,2892.51,5,0.1,-96.54,910.16
SG-2013-4320,11/5/2013,RH-9495,Senegal,TEC-SHA-10000501,Technology,Copiers,2832.96,8,0,311.52,903.04
IN-2013-42360,6/28/2013,JM-15655,Australia,TEC-PH-10000030,Technology,Phones,2862.675,5,0.1,763.275,897.35
IN-2011-81826,11/7/2011,TS-21340,New Zealand,FUR-CH-10004050,Furniture,Chairs,1822.08,4,0,564.84,894.77
IN-2012-86369,4/14/2012,MB-18085,New Zealand,FUR-TA-10002958,Furniture,Tables,5244.84,6,0,996.48,878.38
CA-2014-135909,10/14/2014,JW-15220,United States,OFF-BI-10003527,Office Supplies,Binders,5083.96,5,0.2,1906.485,867.69
CA-2012-116638,1/28/2012,JH-15985,United States,FUR-TA-10000198,Furniture,Tables,4297.644,13,0.4,-1862.3124,865.74
CA-2011-102988,4/5/2011,GM-14695,United States,OFF-SU-10002881,Office Supplies,Supplies,4164.05,5,0,83.281,846.54
ID-2012-28402,4/19/2012,AJ-10780,Afghanistan,FUR-TA-10001889,Furniture,Tables,4626.15,5,0,647.55,835.57
SA-2011-1830,12/27/2011,MM-7260,Saudi Arabia,TEC-CIS-10001717,Technology,Phones,2616.96,4,0,1151.4,832.41
MX-2012-130015,11/13/2012,VF-21715,Brazil,FUR-CH-10002033,Furniture,Chairs,2221.8,7,0,622.02,810.25
IN-2013-73951,6/6/2013,PF-19120,China,OFF-AP-10003500,Office Supplies,Appliances,3701.52,12,0,1036.08,804.54
ES-2014-5099955,7/31/2014,BP-11185,France,OFF-AP-10000423,Office Supplies,Appliances,1869.588,4,0.1,186.948,801.66
CA-2014-143567,11/3/2014,TB-21175,United States,TEC-AC-10004145,Technology,Accessories,2249.91,9,0,517.4793,780.7
ES-2014-1651774,9/8/2014,PJ-18835,Italy,OFF-AP-10004512,Office Supplies,Appliances,7958.58,14,0,3979.08,778.32
IN-2014-11763,1/31/2014,JS-15685,Australia,TEC-CO-10000865,Technology,Copiers,2565.594,9,0.1,28.404,766.93
TZ-2014-8190,12/5/2014,RH-9555,Tanzania,OFF-KIT-10004058,Office Supplies,Appliances,3409.74,6,0,818.28,763.38
PL-2012-7820,8/8/2012,AB-600,Poland,FUR-HON-10000224,Furniture,Tables,1977.72,4,0,276.84,759.47
CA-2011-154627,10/29/2011,SA-20830,United States,TEC-PH-10001363,Technology,Phones,2735.952,6,0.2,341.994,752.51
IN-2011-44803,5/2/2011,JK-15325,China,FUR-CH-10000027,Furniture,Chairs,2754,6,0,358.02,752.47
ES-2013-2860574,2/27/2013,LB-16795,United Kingdom,OFF-AP-10003590,Office Supplies,Appliances,5273.7,10,0,1898.4,730.91
US-2014-133193,7/31/2014,NP-18325,Mexico,TEC-PH-10004182,Technology,Phones,1713.84,4,0,445.52,728.97
MX-2014-165309,9/5/2014,VD-21670,El Salvador,FUR-TA-10002827,Furniture,Tables,2106.496,8,0.2,526.496,728.39
IN-2011-10286,12/17/2011,PB-19210,Taiwan,FUR-TA-10004744,Furniture,Tables,1715.16,2,0,720.36,725.57
ES-2011-4699764,3/14/2011,EB-14110,Germany,OFF-AP-10004512,Office Supplies,Appliances,3069.738,6,0.1,1364.238,725.34
CA-2013-159016,3/11/2013,KF-16285,United States,TEC-PH-10002885,Technology,Phones,4158.912,8,0.2,363.9048,714.66
IN-2012-44810,2/25/2012,BP-11230,India,FUR-CH-10001415,Furniture,Chairs,1878.72,4,0,582.36,704.08
US-2011-128776,12/28/2011,RR-19525,Dominican Republic,TEC-PH-10002815,Technology,Phones,1696.64,5,0.2,-148.46,704.06
ES-2012-5870268,7/17/2012,BS-11365,France,TEC-MA-10000161,Technology,Machines,2402.865,9,0.15,763.155,699.55
CA-2012-139731,10/15/2012,JE-15745,United States,FUR-CH-10002024,Furniture,Chairs,2453.43,5,0.3,-350.49,690.42
IN-2011-28087,11/3/2011,DP-13105,Australia,OFF-AP-10004246,Office Supplies,Appliances,2526.93,5,0.1,561.48,689.8
CA-2011-168494,12/12/2011,NP-18700,United States,FUR-TA-10003473,Furniture,Tables,3610.848,12,0.2,135.4068,683.12
CG-2011-8610,9/14/2011,AH-30,Democratic Republic of the Congo,TEC-APP-10000308,Technology,Phones,3817.26,6,0,1068.66,678.15
CA-2011-160766,9/14/2011,DM-13015,United States,TEC-MA-10003979,Technology,Machines,2799.96,4,0,1371.9804,675.15
US-2014-168116,11/5/2014,GT-14635,United States,TEC-MA-10004125,Technology,Machines,7999.98,4,0.5,-3839.9904,674.82
ES-2014-2637201,1/14/2014,PO-18865,United Kingdom,TEC-CO-10000013,Technology,Copiers,4141.02,13,0,1697.67,668.96
IN-2011-61302,1/10/2011,DL-12865,Australia,TEC-PH-10004664,Technology,Phones,2875.095,5,0.1,511.095,665.27
ID-2013-63976,8/22/2013,JB-16000,Indonesia,TEC-PH-10000499,Technology,Phones,3200.5962,6,0.17,-77.2038,660.87
IN-2014-37320,11/11/2014,BF-11005,India,TEC-PH-10003856,Technology,Phones,4518.78,7,0,632.52,658.69
IN-2014-76016,9/26/2014,VG-21805,India,FUR-BO-10004852,Furniture,Bookcases,5667.87,13,0,2097.03,658.35
ES-2012-5877219,12/13/2012,GT-14710,United Kingdom,TEC-PH-10004583,Technology,Phones,5785.02,9,0,404.73,656.73
IT-2011-3183678,9/23/2011,ZC-21910,Germany,OFF-AP-10000486,Office Supplies,Appliances,3018.624,7,0.2,377.244,655.91
CA-2011-116904,9/23/2011,SC-20095,United States,OFF-BI-10001120,Office Supplies,Binders,9449.95,5,0,4630.4755,655.61
IT-2013-3085011,3/8/2013,EB-13840,France,FUR-CH-10003365,Furniture,Chairs,2092.5,5,0.1,720.75,652.98
IN-2014-50473,8/28/2014,AP-10915,China,FUR-CH-10000602,Furniture,Chairs,2761.2,6,0,110.34,644.75
IN-2014-35983,5/1/2014,SW-20275,India,TEC-MA-10002680,Technology,Machines,2174.13,7,0,500.01,637.86
MX-2014-126984,12/18/2014,JH-15820,Uruguay,FUR-CH-10000891,Furniture,Chairs,3473.14,11,0,868.12,634.53
US-2012-163825,6/16/2012,LC-16885,United States,OFF-BI-10003527,Office Supplies,Binders,3050.376,3,0.2,1143.891,632.05
IR-2014-8540,9/18/2014,TG-11640,Iran,TEC-CAN-10003392,Technology,Copiers,2108.64,8,0,527.04,630.97
US-2014-135013,7/25/2014,HR-14830,United States,TEC-CO-10001449,Technology,Copiers,2399.96,5,0.2,839.986,630.05
IN-2011-10286,12/17/2011,PB-19210,Taiwan,FUR-BO-10001372,Furniture,Bookcases,2197.5,5,0,153.75,627.27
MZ-2013-3690,12/18/2013,DG-3300,Mozambique,TEC-MOT-10002272,Technology,Phones,2582.16,4,0,593.88,627.17
IN-2012-66342,5/30/2012,SG-20470,India,TEC-CO-10004997,Technology,Copiers,1526.52,4,0,732.72,625.77
CA-2012-111829,3/19/2012,FH-14365,United States,TEC-CO-10001766,Technology,Copiers,3149.93,7,0,1480.4671,617.92
IN-2012-48240,5/25/2012,GP-14740,India,FUR-TA-10000226,Furniture,Tables,1745.34,2,0,226.86,616.27
IN-2014-61792,8/5/2014,MW-18220,Australia,OFF-AP-10002244,Office Supplies,Appliances,4191.507,9,0.1,1164.267,614.34
CA-2014-129021,8/24/2014,PO-18850,United States,TEC-PH-10001459,Technology,Phones,4367.896,13,0.2,327.5922,609.44
IN-2014-75470,3/11/2014,CS-12460,Bangladesh,FUR-BO-10001073,Furniture,Bookcases,3063.27,7,0,581.91,609.24
CA-2012-114811,11/8/2012,KD-16495,United States,TEC-MA-10000045,Technology,Machines,4643.8,4,0,2229.024,607.34
ES-2014-4673578,8/11/2014,MS-17980,Germany,TEC-PH-10002035,Technology,Phones,4473,7,0,313.11,604.4
IT-2013-3376681,8/31/2013,KC-16675,Germany,TEC-PH-10002565,Technology,Phones,1502.01,9,0,225.18,600.21
IN-2014-66615,1/18/2014,DB-13405,China,FUR-CH-10000027,Furniture,Chairs,5049,11,0,656.37,595.5
CA-2013-143805,12/2/2013,JD-15895,United States,OFF-AP-10002945,Office Supplies,Appliances,2104.55,7,0,694.5015,594.02
IT-2014-4540740,12/7/2014,DK-13090,Spain,FUR-BO-10004999,Furniture,Bookcases,2188.05,5,0,1050.15,593.91
IN-2014-11231,12/16/2014,CS-11845,India,FUR-TA-10001205,Furniture,Tables,1920.36,4,0,652.92,592.77
MX-2014-154907,11/20/2014,EM-14200,Mexico,TEC-PH-10004196,Technology,Phones,1704,4,0,119.28,592.73
UP-2011-8610,11/9/2011,DW-3480,Ukraine,FUR-CHR-10001018,Furniture,Tables,1858.68,4,0,130.08,590.56
IN-2013-40050,6/7/2013,AS-10225,China,FUR-CH-10003232,Furniture,Chairs,3298.26,7,0,1055.25,589.36
MX-2011-110275,11/22/2011,ST-20530,Nicaragua,OFF-AP-10001630,Office Supplies,Appliances,2443.48,13,0,121.94,589.29
CG-2013-6110,3/29/2013,BW-1065,Democratic Republic of the Congo,FUR-HAR-10002873,Furniture,Chairs,3808.8,8,0,1523.52,588.13
IN-2014-30110,8/26/2014,LA-16780,Indonesia,FUR-TA-10000687,Furniture,Tables,3427.1496,7,0.47,-452.8104,586.57
ES-2012-2058076,9/20/2012,AB-10150,United Kingdom,TEC-PH-10004505,Technology,Phones,3441.69,6,0.1,38.07,585.25
IN-2014-51950,5/16/2014,JH-15820,Australia,TEC-PH-10002683,Technology,Phones,2863.35,5,0.1,858.9,581.88
CA-2012-145352,3/16/2012,CM-12385,United States,OFF-BI-10003527,Office Supplies,Binders,6354.95,5,0,3177.475,581.12
ES-2013-4670866,11/24/2013,BE-11410,Germany,TEC-CO-10002269,Technology,Copiers,1487.4,10,0,728.7,580.98
IN-2011-62506,11/9/2011,SZ-20035,China,TEC-CO-10002526,Technology,Copiers,3200.04,9,0,1183.95,576.71
IN-2011-46413,10/28/2011,RM-19375,India,FUR-CH-10000602,Furniture,Chairs,2301,5,0,91.95,573.27
ES-2014-3785216,11/19/2014,HG-14845,France,FUR-CH-10002891,Furniture,Chairs,5729.346,14,0.1,63.546,572.95
MO-2014-2000,10/28/2014,DP-3105,Morocco,TEC-CAN-10001437,Technology,Copiers,5301.24,14,0,2597.28,568.45
CA-2014-138289,1/17/2014,AR-10540,United States,OFF-BI-10004995,Office Supplies,Binders,5443.96,4,0,2504.2216,567.95
CA-2014-118892,8/18/2014,TP-21415,United States,FUR-CH-10002024,Furniture,Chairs,4416.174,9,0.3,-630.882,566.65
ES-2013-1434123,1/29/2013,JB-16000,Germany,TEC-PH-10004327,Technology,Phones,3219.9,5,0,965.85,564.25
ID-2012-78207,9/18/2012,AM-10705,Indonesia,OFF-AP-10001621,Office Supplies,Appliances,2487.8088,6,0.17,-269.7912,562.14
MO-2013-8630,11/23/2013,AB-255,Morocco,OFF-HOO-10001881,Office Supplies,Appliances,2266.44,4,0,113.28,556.45
IN-2012-64774,6/13/2012,RP-19270,Australia,TEC-CO-10001954,Technology,Copiers,3068.361,9,0.1,1124.901,555.77
IN-2013-48765,10/28/2013,BK-11260,Bangladesh,FUR-BO-10003282,Furniture,Bookcases,3728.43,9,0,1192.86,553.31
IN-2013-69730,12/12/2013,JM-15250,China,TEC-CO-10003102,Technology,Copiers,1581.48,6,0,0,550.74
IN-2012-48240,5/25/2012,GP-14740,India,TEC-PH-10004664,Technology,Phones,1916.73,3,0,498.33,548.4
US-2013-102239,5/6/2013,LW-16990,United States,FUR-TA-10003392,Furniture,Tables,1685.88,6,0,320.3172,548.08
ES-2013-3467296,12/2/2013,NZ-18565,France,OFF-AP-10002552,Office Supplies,Appliances,2432.16,5,0.1,513.36,546.9
CA-2014-6550,12/23/2014,SV-10815,Canada,TEC-MOT-10000554,Technology,Phones,3863.88,6,0,1159.02,546.56
ID-2013-25742,1/28/2013,SC-20695,Philippines,FUR-CH-10001415,Furniture,Chairs,2465.82,7,0.25,197.19,546.49
IN-2012-86698,5/7/2012,NC-18625,Australia,FUR-TA-10003627,Furniture,Tables,1847.52,2,0,738.96,545.89
ES-2013-2903666,11/27/2013,NF-18385,Austria,FUR-BO-10001133,Furniture,Bookcases,2899.89,7,0,927.78,541.59
IN-2012-30446,11/28/2012,NZ-18565,Australia,FUR-CH-10000027,Furniture,Chairs,2891.7,7,0.1,96.39,541.57
IT-2012-1779015,9/29/2012,PM-18940,France,TEC-MA-10003515,Technology,Machines,2016.846,9,0.15,-0.054,540.77
ES-2013-3903130,9/3/2013,MZ-17335,France,OFF-AP-10002904,Office Supplies,Appliances,3155.544,7,0.1,34.944,539.94
CG-2013-3470,7/26/2013,HM-4980,Democratic Republic of the Congo,TEC-MOT-10003348,Technology,Phones,3856.14,6,0,1465.2,533.99
IN-2014-13639,11/19/2014,RW-19540,Australia,TEC-PH-10001990,Technology,Phones,3524.472,6,0.1,861.372,531.28
ES-2012-2510515,6/19/2012,LH-17155,France,TEC-PH-10002898,Technology,Phones,2167.296,4,0.15,790.416,531.09
MX-2012-153157,10/11/2012,FH-14365,Mexico,TEC-PH-10004196,Technology,Phones,2556,6,0,178.92,530.49
ES-2011-2585328,8/9/2011,KM-16660,Germany,TEC-CO-10001633,Technology,Copiers,1469.25,5,0,308.4,527.87
ES-2011-4500805,11/5/2011,PO-18865,France,TEC-PH-10002623,Technology,Phones,4448.832,8,0.15,1517.712,527.85
CA-2014-107174,11/7/2014,AB-10060,United States,FUR-TA-10004575,Furniture,Tables,2036.86,7,0,366.6348,524.76
MX-2013-113824,4/26/2013,AB-10060,Colombia,FUR-BO-10001498,Furniture,Bookcases,2472.66,9,0,914.76,523.47
IN-2013-45076,12/26/2013,DB-13060,Australia,OFF-AP-10003598,Office Supplies,Appliances,3739.176,8,0.1,747.816,522.79
IT-2013-5208514,3/13/2013,VM-21685,Netherlands,FUR-CH-10001582,Furniture,Chairs,2570.865,11,0.5,-2211.165,520.89
US-2013-107440,4/17/2013,BS-11365,United States,TEC-MA-10001047,Technology,Machines,9099.93,7,0,2365.9818,516.91
ES-2012-2314672,4/5/2012,DM-13525,Germany,TEC-PH-10000505,Technology,Phones,2875.77,9,0.5,-1783.08,516.63
ES-2012-4765389,12/26/2012,NM-18520,Spain,FUR-BO-10002003,Furniture,Bookcases,1741.8,4,0,261.24,515.24
IN-2013-15368,4/18/2013,LC-16885,Australia,TEC-CO-10001775,Technology,Copiers,1601.64,5,0.1,587.19,511.47
IN-2011-18385,5/24/2011,RO-19780,China,OFF-AP-10000647,Office Supplies,Appliances,3670.8,7,0,367.08,510.72
CA-2012-149846,5/22/2012,SB-20185,United States,TEC-MA-10004002,Technology,Machines,2973.32,7,0.2,334.4985,510.18
ES-2013-2757712,5/16/2013,EM-14065,Germany,TEC-CO-10001926,Technology,Copiers,1900.95,5,0,589.2,506.89
CA-2011-106726,12/6/2011,RS-19765,United States,OFF-ST-10001496,Office Supplies,Storage,1261.33,7,0,327.9458,506.49
IT-2011-1978668,2/16/2011,ON-18715,France,FUR-CH-10002203,Furniture,Chairs,4544.1,11,0.1,1868.13,506.27
IN-2013-63773,5/31/2013,VS-21820,China,FUR-BO-10001934,Furniture,Bookcases,1455.12,4,0,116.4,504.56
IN-2013-10965,10/1/2013,CM-12115,Australia,TEC-CO-10000562,Technology,Copiers,1943.19,6,0.1,258.93,499.62
CA-2011-145541,12/14/2011,TB-21400,United States,TEC-MA-10001127,Technology,Machines,6999.96,4,0,2239.9872,499.55
CA-2013-117121,12/18/2013,AB-10105,United States,OFF-BI-10000545,Office Supplies,Binders,9892.74,13,0,4946.37,498.7
ID-2013-79432,12/11/2013,JK-15325,Australia,TEC-CO-10002035,Technology,Copiers,1695.87,5,0.1,-37.83,498.62
IT-2014-4499061,3/18/2014,RP-19270,France,TEC-CO-10004099,Technology,Copiers,1505.979,6,0.15,-265.761,498.52
IN-2014-34226,12/19/2014,DW-13540,Malaysia,TEC-PH-10003002,Technology,Phones,1954.17,3,0,312.66,498.38
CA-2011-136567,12/20/2011,PS-19045,United States,FUR-TA-10001932,Furniture,Tables,2244.48,7,0,493.7856,498.14
CA-2013-143714,5/24/2013,CC-12370,United States,TEC-CO-10004722,Technology,Copiers,8399.976,4,0.4,1119.9968,498.08
CA-2011-151330,10/14/2011,TC-21295,United States,FUR-CH-10000749,Furniture,Chairs,1628.82,9,0,260.6112,496.46
MX-2014-158386,9/18/2014,GM-14440,Ecuador,TEC-CO-10004398,Technology,Copiers,1213.18876,7,0.002,508.00876,493.41
IN-2013-30663,11/25/2013,SV-20815,India,TEC-CO-10004535,Technology,Copiers,1590.6,5,0,572.55,493.2
IN-2013-77444,11/7/2013,MM-17920,China,TEC-AC-10000420,Technology,Accessories,2330.64,9,0,1025.46,492.79
IN-2014-39077,7/19/2014,JK-16120,Indonesia,FUR-BO-10001212,Furniture,Bookcases,3278.5848,8,0.07,140.8248,492.28
ID-2012-60980,8/16/2012,EM-14200,Thailand,TEC-PH-10001670,Technology,Phones,3741.5238,7,0.17,946.6338,491.91
CA-2013-128594,8/27/2013,DJ-13510,United States,FUR-CH-10001215,Furniture,Chairs,1603.136,4,0.2,100.196,489.6
IN-2012-57025,1/11/2012,PM-18940,Indonesia,FUR-BO-10004679,Furniture,Bookcases,3637.602,10,0.07,156.402,487.86
MX-2013-157868,1/28/2013,AT-10435,Mexico,OFF-AP-10001776,Office Supplies,Appliances,2455.88,7,0,785.82,487.48
ID-2012-66111,6/14/2012,AB-10015,China,TEC-MA-10003704,Technology,Machines,1024.68,8,0.5,-286.92,487.32
CA-2011-120474,12/1/2011,RP-19390,United States,FUR-CH-10001854,Furniture,Chairs,2807.84,8,0,673.8816,487.15
CA-2013-100300,6/25/2013,MJ-17740,United States,TEC-MA-10000984,Technology,Machines,4476.8,4,0.2,503.64,485.47
MX-2012-164791,12/6/2012,PV-18985,Brazil,TEC-AC-10000376,Technology,Accessories,2297.96,14,0,988.12,483.26
IT-2013-1350483,9/5/2013,SB-20290,Italy,TEC-CO-10003800,Technology,Copiers,2671.41,7,0,534.24,483.04
SO-2014-4990,9/18/2014,SM-10005,Somalia,TEC-SAM-10004230,Technology,Phones,3834,6,0,268.38,481.04
CA-2014-149559,9/12/2014,KF-16285,United States,FUR-CH-10002320,Furniture,Chairs,2054.272,8,0.2,256.784,480.56
IN-2012-30943,8/3/2012,KH-16330,Indonesia,OFF-AP-10002312,Office Supplies,Appliances,3501.7368,8,0.17,210.8568,479.96
IN-2014-13324,12/9/2014,MP-18175,Australia,TEC-PH-10000169,Technology,Phones,1725.462,3,0.1,747.612,479.94
IN-2012-46889,10/25/2012,LH-17020,China,TEC-CO-10000865,Technology,Copiers,1583.7,5,0,174.15,479.67
CA-2012-114069,7/13/2012,ND-18370,United States,FUR-CH-10000595,Furniture,Chairs,1931.04,9,0.1,321.84,477.15
ID-2013-35640,8/27/2013,CR-12625,Australia,FUR-BO-10000288,Furniture,Bookcases,2760.345,7,0.1,-214.725,475.34
IN-2011-30292,5/13/2011,NC-18625,Bangladesh,TEC-AC-10000866,Technology,Accessories,3078.72,12,0,523.08,474.44
IT-2011-3675195,11/3/2011,GM-14680,Netherlands,OFF-AP-10001623,Office Supplies,Appliances,1983.135,7,0.5,-1784.895,473.27
ES-2014-2034971,8/2/2014,RA-19945,France,FUR-BO-10003541,Furniture,Bookcases,1112.778,3,0.1,296.658,472
ES-2011-1426891,9/20/2011,DB-13060,Germany,TEC-CO-10004365,Technology,Copiers,3616.5,10,0,36,471.92
CA-2014-159366,1/8/2014,BW-11110,United States,TEC-MA-10000822,Technology,Machines,3059.982,2,0.1,679.996,471.22
IN-2013-14773,3/11/2013,RF-19735,Australia,TEC-PH-10000499,Technology,Phones,2892.105,5,0.1,160.605,470.29
ES-2012-4934238,2/2/2012,JH-15820,Germany,TEC-PH-10000800,Technology,Phones,3263.4,5,0,848.4,469.29
CA-2013-108987,9/9/2013,AG-10675,United States,FUR-BO-10004834,Furniture,Bookcases,2396.2656,4,0.32,-317.1528,469.16
MX-2014-111941,4/9/2014,DM-12955,Guatemala,FUR-TA-10001642,Furniture,Tables,3117.088,13,0.2,38.948,466.7
US-2013-143819,3/2/2013,KD-16270,United States,TEC-MA-10003979,Technology,Machines,4899.93,7,0,2400.9657,466.33
MX-2014-152961,3/19/2014,BE-11335,Mexico,OFF-AP-10001041,Office Supplies,Appliances,1888.7,5,0,887.6,465.92
IN-2013-17041,10/2/2013,SO-20335,China,OFF-AP-10002090,Office Supplies,Appliances,3000.78,6,0,1080.18,465.63
ES-2013-4679331,1/12/2013,DK-12835,Spain,OFF-AP-10002330,Office Supplies,Appliances,3801.63,7,0,1444.59,465.02
SA-2014-1270,8/20/2014,LC-7050,Saudi Arabia,TEC-CIS-10002344,Technology,Phones,5211.12,8,0,1146.24,463.98
IN-2011-10286,12/17/2011,PB-19210,Taiwan,FUR-TA-10002153,Furniture,Tables,1356.03,3,0,311.85,458.97
IN-2014-12897,3/14/2014,CG-12520,Australia,OFF-AP-10004964,Office Supplies,Appliances,3569.643,7,0.1,674.163,458.54
CA-2013-134887,3/26/2013,TB-21280,United States,TEC-AC-10003832,Technology,Accessories,1287.45,5,0,244.6155,457.14
ID-2014-10076,7/9/2014,HG-15025,Indonesia,FUR-BO-10004679,Furniture,Bookcases,2910.0816,8,0.07,125.1216,456.32
ID-2013-70122,6/11/2013,AD-10180,Indonesia,FUR-CH-10002061,Furniture,Chairs,3126.4002,9,0.27,-128.7198,455.71
ES-2011-2257437,8/10/2011,BP-11155,United Kingdom,TEC-PH-10002759,Technology,Phones,5276.988,9,0.1,1758.888,454.81
ID-2014-63920,3/17/2014,AA-10480,Thailand,TEC-PH-10001699,Technology,Phones,2645.376,5,0.17,-0.024,452.6
ID-2013-29564,1/2/2013,RL-19615,Australia,FUR-BO-10001934,Furniture,Bookcases,1637.01,5,0.1,-36.39,452.28
CA-2013-108196,11/26/2013,CS-12505,United States,TEC-MA-10000418,Technology,Machines,4499.985,5,0.7,-6599.978,451.63
ID-2012-36403,10/10/2012,SW-20245,Indonesia,TEC-PH-10001699,Technology,Phones,2645.376,5,0.17,-0.024,451.03
CA-2014-127180,10/23/2014,TA-21385,United States,TEC-PH-10001494,Technology,Phones,2399.6,8,0,647.892,449.45
IN-2011-19351,6/17/2011,BW-11110,China,FUR-TA-10001889,Furniture,Tables,3238.305,5,0.3,-740.295,449.18
ES-2014-5842530,4/3/2014,YC-21895,United Kingdom,FUR-BO-10000490,Furniture,Bookcases,2291.814,7,0.1,127.134,448.91
MX-2011-137897,5/17/2011,JM-15580,Mexico,TEC-PH-10000018,Technology,Phones,2124.5,5,0,488.6,447.66
BO-2014-8960,2/11/2014,MZ-7335,Belarus,FUR-HON-10003533,Furniture,Chairs,2757.78,6,0,744.48,446.33
ES-2013-2220066,10/12/2013,JF-15295,Spain,TEC-AC-10001949,Technology,Accessories,1549.98,6,0,139.32,443.92
CA-2011-127299,9/19/2011,JL-15835,United States,TEC-MA-10001127,Technology,Machines,2624.985,3,0.5,-944.9946,443.69
UP-2014-4500,7/17/2014,DJ-3510,Ukraine,OFF-HOO-10004910,Office Supplies,Appliances,3146.4,6,0,629.28,443.55
ES-2014-2440513,11/22/2014,MF-18250,France,TEC-MA-10001335,Technology,Machines,2456.619,11,0.15,664.719,442.49
IT-2011-5629016,5/30/2011,TC-21295,France,FUR-TA-10000347,Furniture,Tables,2228.6355,7,0.35,-754.4145,440.25
CA-2014-133263,4/1/2014,JE-15610,United States,TEC-CO-10001449,Technology,Copiers,2999.95,5,0,1439.976,439.69
IN-2014-65488,7/17/2014,CP-12340,India,OFF-AP-10002090,Office Supplies,Appliances,4001.04,8,0,1440.24,439.65
ES-2014-5530354,8/29/2014,EH-14125,France,TEC-PH-10000493,Technology,Phones,4876.875,9,0.15,745.875,439.41
IN-2012-23782,12/26/2012,NC-18340,Australia,FUR-TA-10003596,Furniture,Tables,1788.822,6,0.3,204.282,439.03
IN-2014-37320,11/11/2014,BF-11005,India,OFF-AP-10002244,Office Supplies,Appliances,3622.29,7,0,1267.77,438.89
ID-2013-31720,5/1/2013,JS-16030,Indonesia,FUR-TA-10003179,Furniture,Tables,1242.585,5,0.47,-140.715,437.85
ES-2011-1712442,8/16/2011,AM-10360,United Kingdom,TEC-PH-10001396,Technology,Phones,4453.05,7,0,1424.85,433.41
IN-2014-78900,12/3/2014,JF-15190,Cambodia,FUR-TA-10003078,Furniture,Tables,2673.36,8,0,1069.2,432.57
IN-2013-37803,6/25/2013,AB-10015,Australia,FUR-CH-10003581,Furniture,Chairs,2046.195,5,0.1,591.045,432.15
ES-2013-3939561,1/21/2013,JG-15160,United Kingdom,FUR-TA-10000184,Furniture,Tables,5451.3,6,0,2071.44,432.13
CA-2013-138478,10/22/2013,DP-13390,United States,OFF-BI-10001120,Office Supplies,Binders,4535.976,3,0.2,1644.2913,431.68
IN-2014-56808,7/12/2014,AG-10330,Indonesia,OFF-AP-10001956,Office Supplies,Appliances,1722.2832,4,0.17,539.4432,430.04
US-2013-116729,12/26/2013,GK-14620,United States,TEC-PH-10002200,Technology,Phones,2575.944,7,0.2,257.5944,429.66
ES-2014-1972860,9/1/2014,NF-18475,Germany,OFF-AP-10003382,Office Supplies,Appliances,1007.424,2,0.1,134.304,428.83
CA-2011-119375,11/17/2011,YC-21895,United States,OFF-ST-10002011,Office Supplies,Storage,2934.33,7,0,792.2691,428.8
IN-2011-64326,6/7/2011,DR-12940,Australia,OFF-AP-10003917,Office Supplies,Appliances,4624.29,9,0.1,1644.03,427.46
ES-2011-3259196,10/13/2011,NB-18655,Germany,OFF-ST-10002900,Office Supplies,Storage,1066.446,6,0.1,-11.934,427.24
IN-2013-48184,6/10/2013,NM-18445,China,TEC-CO-10003819,Technology,Copiers,957.6,4,0,0,427.1
IN-2014-77017,12/13/2014,TA-21385,Australia,OFF-AP-10000675,Office Supplies,Appliances,4864.32,10,0.1,162.12,426.09
CA-2014-150091,10/13/2014,NP-18670,United States,FUR-BO-10003404,Furniture,Bookcases,2154.9,5,0,129.294,426.05
ID-2014-31363,6/10/2014,SC-20380,Philippines,OFF-AP-10001824,Office Supplies,Appliances,1433.8395,3,0.15,-84.3705,424.81
SF-2011-6380,2/15/2011,PA-9060,South Africa,OFF-SME-10000746,Office Supplies,Storage,2784.6,14,0,779.52,422.25
ES-2013-1692384,11/28/2013,RB-19570,Spain,FUR-BO-10004999,Furniture,Bookcases,3063.27,7,0,1470.21,419.38
CA-2014-165323,6/18/2014,SR-20740,United States,TEC-MA-10003673,Technology,Machines,3404.5,5,0,1668.205,419.06
CA-2013-168354,9/20/2013,RH-19510,United States,OFF-ST-10001490,Office Supplies,Storage,1606.23,9,0,481.869,418.26
US-2011-158554,8/9/2011,LH-16750,Dominican Republic,TEC-PH-10004196,Technology,Phones,2044.8,6,0.2,-332.28,417.99
CA-2011-141796,6/21/2011,JG-15160,United States,TEC-PH-10001578,Technology,Phones,1214.85,3,0,352.3065,417.47
IN-2012-12162,8/2/2012,KB-16585,China,TEC-CO-10000208,Technology,Copiers,1521,4,0,0,416.74
ES-2012-2510515,6/19/2012,LH-17155,France,OFF-AP-10002330,Office Supplies,Appliances,2443.905,5,0.1,760.305,416.33
CA-2012-113404,7/16/2012,EM-13810,United States,FUR-CH-10003312,Furniture,Chairs,1348.704,6,0.2,-219.1644,415.69
IR-2013-8520,8/2/2013,MZ-7515,Iran,TEC-EPS-10000053,Technology,Machines,1141.8,10,0,570.9,415.01
IN-2014-68463,5/22/2014,DM-13345,India,OFF-ST-10004060,Office Supplies,Storage,1865.97,9,0,802.17,413.95
ID-2011-64599,2/10/2011,CA-11965,Japan,TEC-PH-10000303,Technology,Phones,6998.64,11,0,2939.31,413.8
ES-2013-4632541,9/27/2013,SC-20305,Spain,FUR-BO-10002708,Furniture,Bookcases,1091.25,3,0,119.97,411.64
IN-2014-23761,6/2/2014,MH-18115,India,FUR-BO-10000210,Furniture,Bookcases,1094.22,3,0,328.23,411.06
IN-2013-16964,9/30/2013,KS-16300,Australia,FUR-BO-10001192,Furniture,Bookcases,1320.624,4,0.1,484.224,410.88
IN-2011-76989,7/19/2011,BG-11740,Malaysia,TEC-PH-10004664,Technology,Phones,2555.64,4,0,664.44,410.22
RS-2014-4620,8/14/2014,CR-2625,Russia,FUR-SAU-10002255,Furniture,Bookcases,3498.72,8,0,594.72,410.05
CA-2013-147417,7/26/2013,CB-12415,United States,TEC-CO-10001449,Technology,Copiers,1439.976,4,0.4,191.9968,408.79
IN-2014-61393,10/31/2014,DK-13090,China,TEC-CO-10001954,Technology,Copiers,2272.86,6,0,977.22,406.53
IN-2013-13891,7/25/2013,JL-15835,China,TEC-PH-10003002,Technology,Phones,5211.12,8,0,833.76,404.97
IN-2014-32770,10/7/2014,AP-10720,India,TEC-PH-10003856,Technology,Phones,2582.16,4,0,361.44,404.08
IN-2014-14780,10/17/2014,CR-12820,India,TEC-PH-10004664,Technology,Phones,3194.55,5,0,830.55,403.97
IN-2013-71585,12/3/2013,BF-11080,Australia,FUR-CH-10000974,Furniture,Chairs,1704.996,4,0.1,378.876,403.46
IN-2014-20485,11/8/2014,JM-15265,Philippines,OFF-AP-10003866,Office Supplies,Appliances,1538.721,6,0.15,325.701,403.26
IN-2013-48184,6/10/2013,NM-18445,China,FUR-CH-10003616,Furniture,Chairs,1381.32,3,0,593.91,403.15
IT-2011-4771701,9/21/2011,TW-21025,France,FUR-BO-10004999,Furniture,Bookcases,1181.547,3,0.1,498.807,401.25
IT-2011-2876489,6/21/2011,RB-19330,France,FUR-CH-10000479,Furniture,Chairs,1696.248,4,0.1,734.928,401.13
CA-2014-133865,5/9/2014,PS-19045,United States,TEC-CO-10001046,Technology,Copiers,3359.952,6,0.2,1049.985,400.6
CA-2014-158379,9/23/2014,JA-15970,United States,OFF-SU-10002881,Office Supplies,Supplies,4663.736,7,0.2,-1049.3406,400.04
SF-2014-2330,11/26/2014,AB-60,South Africa,OFF-HOO-10000318,Office Supplies,Appliances,1237.56,4,0,606.36,400.03
EG-2012-4640,3/30/2012,JR-5670,Egypt,TEC-NOK-10001283,Technology,Phones,1274.7,2,0,140.16,399.96
MX-2011-138002,11/10/2011,MD-17350,Colombia,OFF-AP-10000407,Office Supplies,Appliances,3172.14,9,0,856.44,399.85
US-2014-102183,8/22/2014,PK-19075,United States,OFF-BI-10001359,Office Supplies,Binders,4305.552,6,0.2,1453.1238,398.64
ES-2012-5113958,8/1/2012,EB-13840,United Kingdom,OFF-AP-10004512,Office Supplies,Appliances,3979.29,7,0,1989.54,398.5
CA-2014-120376,12/23/2014,TP-21130,United States,FUR-CH-10002335,Furniture,Chairs,1586.69,7,0,412.5394,397.52
CA-2014-168109,7/4/2014,JK-15640,United States,TEC-MA-10001148,Technology,Machines,2395.2,6,0.2,209.58,396.92
CA-2014-111556,11/21/2014,CD-11920,United States,TEC-PH-10001459,Technology,Phones,1259.97,3,0,327.5922,394.57
AJ-2013-2640,1/23/2013,JL-5835,Azerbaijan,FUR-BAR-10004434,Furniture,Tables,2058,4,0,946.68,393.62
IN-2011-67651,5/21/2011,EP-13915,Indonesia,FUR-BO-10002444,Furniture,Bookcases,2539.8765,7,0.07,709.9365,393.58
ES-2014-4957212,9/28/2014,MS-17770,United Kingdom,FUR-BO-10004709,Furniture,Bookcases,2898.21,7,0,1420.02,393.46
IT-2011-3528798,11/6/2011,CM-12655,France,TEC-MA-10004772,Technology,Machines,1320.0075,5,0.15,357.1575,390.2
LH-2014-5390,1/28/2014,JC-6105,Lithuania,FUR-BAR-10003532,Furniture,Tables,2171.16,8,0.7,-2750.28,390.09
IN-2014-32588,9/13/2014,GB-14530,Australia,TEC-CO-10002911,Technology,Copiers,4448.223,13,0.1,444.483,386.38
CA-2012-137113,12/1/2012,TW-21025,United States,FUR-TA-10001705,Furniture,Tables,1913.4,9,0,401.814,386.21
US-2011-161760,12/22/2011,JH-16180,Argentina,TEC-PH-10000169,Technology,Phones,2300.616,9,0.4,38.196,386
EG-2013-4530,2/5/2013,MT-8070,Egypt,FUR-SAU-10004653,Furniture,Bookcases,2615.94,6,0,1072.44,384.41
IN-2011-51964,12/28/2011,AB-10105,India,TEC-CO-10002526,Technology,Copiers,1066.68,3,0,394.65,383.68
CA-2013-122903,5/28/2013,LA-16780,United States,FUR-CH-10002024,Furniture,Chairs,3504.9,5,0,700.98,383.35
LT-2011-270,4/27/2011,CV-2805,Lesotho,TEC-NOK-10004339,Technology,Phones,2544.6,4,0,814.2,383.01
IN-2011-86278,10/6/2011,NH-18610,New Zealand,FUR-TA-10000022,Furniture,Tables,3694.68,4,0,886.68,382.77
ID-2013-17055,8/24/2013,HJ-14875,China,FUR-TA-10002153,Furniture,Tables,2214.849,7,0.3,-221.571,382.1
MX-2013-151764,9/21/2013,JL-15175,Brazil,FUR-CH-10000843,Furniture,Chairs,1236.48,4,0,111.28,381.22
MX-2014-124744,12/17/2014,MY-18295,Nicaragua,OFF-AP-10002681,Office Supplies,Appliances,1805.9,5,0,126.4,381.14
US-2011-106992,9/19/2011,SB-20290,United States,TEC-MA-10000822,Technology,Machines,3059.982,3,0.4,-509.997,380.77
CA-2014-168109,7/4/2014,JK-15640,United States,TEC-AC-10002049,Technology,Accessories,1687.8,4,0,742.632,379.56
CA-2011-117639,5/21/2011,MW-18235,United States,OFF-BI-10003925,Office Supplies,Binders,2715.93,7,0,1276.4871,378.83
MX-2014-140305,6/3/2014,KC-16540,Nicaragua,OFF-AP-10004627,Office Supplies,Appliances,1810.3,5,0,54.3,378.26
MX-2014-113845,9/12/2014,CS-12460,Nicaragua,TEC-PH-10001076,Technology,Phones,2120.5,5,0,106,377.7
IN-2014-61932,4/17/2014,HA-14920,China,TEC-PH-10001457,Technology,Phones,1275,2,0,140.22,377.58
ES-2012-4589770,11/21/2012,MT-17815,France,TEC-MA-10004534,Technology,Machines,1593.648,7,0.15,-225.162,377.03
ES-2014-1331794,3/6/2014,FW-14395,France,FUR-BO-10003991,Furniture,Bookcases,1114.236,3,0.1,383.706,376.88
ES-2012-4621754,7/23/2012,BH-11710,Germany,TEC-PH-10002623,Technology,Phones,2944.08,5,0.1,1112.13,376.58
ID-2014-41191,11/7/2014,DK-12895,Indonesia,OFF-AP-10002793,Office Supplies,Appliances,3309.2598,7,0.17,318.8598,374.8
MX-2014-128405,11/22/2014,KD-16270,Brazil,FUR-CH-10002093,Furniture,Chairs,897.48,9,0,322.92,374.38
ES-2011-1858721,6/11/2011,SC-20845,Austria,FUR-BO-10003103,Furniture,Bookcases,2056.05,5,0,390.6,372.5
MX-2012-168865,9/14/2012,CY-12745,Mexico,TEC-CO-10001818,Technology,Copiers,2365.6592,10,0.002,18.8592,372.32
IN-2011-52279,11/25/2011,HL-15040,Australia,TEC-CO-10002040,Technology,Copiers,1336.356,7,0.4,44.436,371.74
IN-2012-14724,8/10/2012,CT-11995,Japan,TEC-CO-10001654,Technology,Copiers,3038.64,8,0,1245.84,371.51
ES-2013-3042991,3/20/2013,CC-12370,United Kingdom,OFF-AP-10002397,Office Supplies,Appliances,2698.65,9,0,890.46,369.98
LT-2013-3900,12/30/2013,GR-4560,Lesotho,TEC-CAN-10001853,Technology,Copiers,3799.08,12,0,455.76,369.73
IN-2012-18518,10/4/2012,TT-21070,India,FUR-CH-10001207,Furniture,Chairs,2756.34,6,0,413.28,369.4
IT-2012-4058325,8/6/2012,PO-19195,Spain,TEC-PH-10002597,Technology,Phones,983.88,8,0.1,-11.16,369.17
IN-2012-42220,10/2/2012,ED-13885,Vietnam,FUR-CH-10003232,Furniture,Chairs,1719.807,5,0.27,117.657,368.44
IN-2014-17972,3/26/2014,AP-10915,Indonesia,OFF-AP-10003917,Office Supplies,Appliances,1421.541,3,0.17,428.121,367.57
MX-2014-151554,11/21/2014,TM-21490,Cuba,TEC-CO-10002617,Technology,Copiers,1053.6884,5,0.002,441.2884,367.55
IT-2011-3270900,11/30/2011,AW-10840,Netherlands,TEC-CO-10000556,Technology,Copiers,1440.84,8,0.5,-1268.04,367.35
IN-2011-28087,11/3/2011,DP-13105,Australia,FUR-CH-10003232,Furniture,Chairs,2544.372,6,0.1,621.792,366.89
CA-2012-123113,11/23/2012,AT-10735,United States,OFF-AP-10000275,Office Supplies,Appliances,2625.12,8,0,735.0336,366.72
RO-2012-9480,12/6/2012,SG-10605,Romania,TEC-HEW-10003460,Technology,Copiers,1554.48,8,0,341.76,366.58
MX-2013-109981,12/3/2013,BM-11785,Mexico,TEC-PH-10004196,Technology,Phones,1278,3,0,89.46,365.9
MX-2012-130351,12/20/2012,FH-14365,Mexico,TEC-PH-10002672,Technology,Phones,3474.08,8,0,625.28,365.65
MX-2012-135076,9/13/2012,DK-13375,Mexico,TEC-PH-10000106,Technology,Phones,2550,6,0,357,365.2
CA-2013-114972,11/4/2013,PF-19225,United States,OFF-AP-10003057,Office Supplies,Appliances,1101.48,4,0,429.5772,364.76
CA-2013-146633,11/16/2013,TG-21310,United States,OFF-BI-10003527,Office Supplies,Binders,1016.792,1,0.2,381.297,363.87
CA-2013-110499,4/8/2013,YC-21895,United States,TEC-CO-10002095,Technology,Copiers,1199.976,3,0.2,374.9925,363.78
TU-2012-2690,5/23/2012,SF-10200,Turkey,TEC-SAM-10000345,Technology,Phones,934.248,14,0.6,-1331.652,363.73
CA-2014-166709,11/18/2014,HL-15040,United States,TEC-CO-10004722,Technology,Copiers,10499.97,3,0,5039.9856,363.19
SG-2014-9460,4/14/2014,JW-5220,Senegal,TEC-CIS-10002259,Technology,Phones,3908.88,6,0,1563.48,363.16
MX-2014-164217,8/29/2014,CC-12100,Mexico,TEC-PH-10004182,Technology,Phones,2142.3,5,0,556.9,363.1
ID-2014-80657,5/16/2014,RD-19930,New Zealand,OFF-AP-10004350,Office Supplies,Appliances,1900.584,6,0.4,-348.516,360.04
CM-2012-6440,12/13/2012,BP-1230,Cameroon,OFF-HOO-10000335,Office Supplies,Appliances,1840.68,6,0,496.98,359.58
ES-2011-5287434,3/31/2011,SA-20830,United Kingdom,FUR-BO-10004129,Furniture,Bookcases,2624.04,6,0,446.04,359.28
IN-2012-79439,2/4/2012,EM-13810,India,FUR-BO-10001372,Furniture,Bookcases,3076.5,7,0,215.25,359.27
IN-2013-58929,5/29/2013,CS-12175,Thailand,TEC-PH-10004664,Technology,Phones,3181.7718,6,0.17,344.9718,359.09
IT-2012-2646674,8/29/2012,JD-16060,Spain,OFF-ST-10004597,Office Supplies,Storage,1392.633,11,0.1,-139.557,358.96
IN-2011-63577,6/15/2011,GH-14665,China,FUR-CH-10001664,Furniture,Chairs,1296.24,8,0,285.12,358.85
IN-2014-16068,8/28/2014,CM-11935,China,OFF-AP-10003240,Office Supplies,Appliances,1682.91,3,0,487.98,358.51
MX-2011-150973,10/27/2011,JB-16000,Nicaragua,TEC-PH-10004196,Technology,Phones,1278,3,0,89.46,358.18
RS-2014-4120,3/19/2014,RB-9465,Russia,TEC-MOT-10003348,Technology,Phones,2570.76,4,0,976.8,357.89
MX-2014-154935,9/11/2014,RB-19795,Brazil,FUR-TA-10000136,Furniture,Tables,2332.96,5,0.2,349.86,357.79
ID-2012-83604,8/28/2012,PO-19195,Australia,FUR-BO-10002866,Furniture,Bookcases,1582.2,6,0.4,-870.3,357.21
US-2014-117723,8/16/2014,DL-13495,United States,OFF-ST-10004459,Office Supplies,Storage,1801.632,6,0.2,-337.806,356.88
IN-2013-81112,8/1/2013,TS-21205,Australia,FUR-TA-10001276,Furniture,Tables,1512,6,0,498.96,356.84
CA-2013-147368,6/10/2013,TC-21295,United States,TEC-MA-10002178,Technology,Machines,695.7,2,0.5,-27.828,356.68
SF-2014-3560,12/24/2014,MV-8190,South Africa,TEC-APP-10002966,Technology,Phones,2550,4,0,714,355.92
CA-2012-147830,12/15/2012,NF-18385,United States,TEC-AC-10002049,Technology,Accessories,2025.36,6,0.2,607.608,355.61
ES-2012-1439357,2/23/2012,BD-11560,United Kingdom,FUR-CH-10000685,Furniture,Chairs,2285.7,5,0,845.7,355.06
IN-2014-16054,10/11/2014,PS-18760,Indonesia,FUR-BO-10001541,Furniture,Bookcases,1029.2589,9,0.07,10.8189,354.47
US-2014-148817,4/21/2014,FM-14215,Guatemala,TEC-CO-10003931,Technology,Copiers,1058.2792,5,0.002,-2.1208,354.42
IN-2013-50809,6/12/2013,CA-12775,India,TEC-PH-10000169,Technology,Phones,5751.54,9,0,2817.99,353.85
ES-2013-1211534,9/17/2013,CD-12790,Germany,FUR-BO-10001553,Furniture,Bookcases,2442.069,7,0.1,-244.251,353.57
IN-2014-81154,9/19/2014,NL-18310,New Zealand,OFF-ST-10004748,Office Supplies,Storage,1190.52,6,0,178.56,353.42
IT-2014-2009199,11/26/2014,TB-21055,France,OFF-AP-10000540,Office Supplies,Appliances,3150.819,7,0.1,-35.091,353.04
ES-2014-1972860,9/1/2014,NF-18475,Germany,TEC-CO-10004567,Technology,Copiers,1599.9,5,0,719.85,352.79
IN-2014-51432,6/20/2014,KD-16495,China,FUR-BO-10001749,Furniture,Bookcases,2063.4,5,0,123.75,352.64
HU-2014-7310,10/23/2014,EH-4125,Hungary,OFF-ROG-10003898,Office Supplies,Storage,1269.9,6,0,558.72,352.52
IN-2011-26176,8/16/2011,KB-16600,India,FUR-BO-10001934,Furniture,Bookcases,3274.02,9,0,261.9,351.08
MX-2014-113845,9/12/2014,CS-12460,Nicaragua,TEC-PH-10002815,Technology,Phones,848.32,2,0,110.28,351.07
CA-2012-102491,8/24/2012,KW-16435,United States,TEC-MA-10000864,Technology,Machines,3080,7,0,1416.8,351.01
ES-2014-5345830,1/14/2014,MG-17695,Italy,TEC-CO-10002663,Technology,Copiers,2847.36,8,0,711.84,350.68
ID-2014-58271,11/13/2014,VF-21715,Philippines,FUR-CH-10000602,Furniture,Chairs,1725.75,5,0.25,-483.3,350.68
ID-2013-57949,6/13/2013,AM-10705,Indonesia,TEC-CO-10001419,Technology,Copiers,1479.3138,6,0.07,-63.6462,350.31
US-2012-128587,12/24/2012,HM-14860,United States,TEC-CO-10003763,Technology,Copiers,4899.93,7,0,2302.9671,350.09
IN-2014-68750,9/22/2014,BP-11290,Singapore,TEC-CO-10000679,Technology,Copiers,1282.23,9,0,12.69,349.88
AO-2011-1670,1/8/2011,HZ-4950,Angola,FUR-IKE-10001539,Furniture,Bookcases,2478.6,6,0,49.5,349.87
CA-2013-118689,10/3/2013,TC-20980,United States,TEC-CO-10004722,Technology,Copiers,17499.95,5,0,8399.976,349.07
IN-2013-42535,7/30/2013,EM-13825,Japan,TEC-CO-10002376,Technology,Copiers,959.76,3,0,460.62,348.48
CA-2012-124891,7/31/2012,RH-19495,United States,FUR-TA-10002903,Furniture,Tables,1090.782,7,0.4,-290.8752,348.18
IN-2014-27947,4/30/2014,BS-11800,Indonesia,OFF-AP-10000136,Office Supplies,Appliances,4135.641,10,0.17,847.041,348.08
MX-2011-158204,9/28/2011,DV-13465,El Salvador,FUR-BO-10000567,Furniture,Bookcases,2325.28,8,0,511.52,347.82
IN-2014-56206,6/24/2014,MB-17305,Australia,FUR-BO-10001471,Furniture,Bookcases,5486.67,14,0.1,2316.51,346.6
IT-2011-3316894,4/6/2011,PC-19000,Spain,OFF-ST-10001758,Office Supplies,Storage,1523.664,8,0.1,-50.976,345.81
IT-2014-2819680,8/7/2014,CA-12310,France,TEC-PH-10004505,Technology,Phones,1625.2425,3,0.15,-76.5675,345.78
US-2013-138408,11/19/2013,KC-16255,United States,TEC-AC-10003870,Technology,Accessories,1319.96,4,0,527.984,345.77
ES-2014-2179863,2/14/2014,MB-18085,France,OFF-ST-10004191,Office Supplies,Storage,734.94,4,0.1,130.62,344.98
US-2014-110576,11/29/2014,RB-19795,United States,FUR-TA-10004154,Furniture,Tables,2065.32,12,0.4,-619.596,344.98
RO-2012-8470,8/17/2012,DB-3660,Romania,FUR-OFF-10001224,Furniture,Chairs,1391.52,8,0,69.36,344.5
CA-2012-111514,8/31/2012,SC-20260,United States,FUR-BO-10002545,Furniture,Bookcases,1552.831,7,0.15,200.9546,343.97
MX-2012-157987,8/7/2012,BG-11740,Brazil,OFF-AP-10004913,Office Supplies,Appliances,2461.06,7,0,566.02,343.81
US-2014-105935,1/27/2014,BD-11500,United States,TEC-PH-10001459,Technology,Phones,2939.93,7,0,764.3818,343.25
CA-2011-139892,9/8/2011,BM-11140,United States,TEC-MA-10000822,Technology,Machines,8159.952,8,0.4,-1359.992,342.11
IN-2012-45825,8/9/2012,KB-16315,Malaysia,TEC-MA-10002392,Technology,Machines,1226.19,7,0,612.99,340.09
ID-2013-58642,2/21/2013,PK-19075,Australia,FUR-TA-10003222,Furniture,Tables,1809.255,5,0.3,-258.495,339.47
ID-2012-65411,7/18/2012,CS-12175,Australia,TEC-AC-10000639,Technology,Accessories,1863,8,0.1,393.24,339.06
CA-2011-144624,11/19/2011,JM-15865,United States,TEC-PH-10002885,Technology,Phones,4548.81,7,0,1228.1787,338.56
ES-2014-4032097,4/9/2014,AF-10885,France,OFF-ST-10002900,Office Supplies,Storage,1244.187,7,0.1,-13.923,338.33
ES-2012-4108483,6/18/2012,SJ-20500,France,FUR-TA-10003354,Furniture,Tables,2364.102,4,0.35,-218.298,338.1
ES-2013-5810502,12/31/2013,DM-12955,France,TEC-CO-10003800,Technology,Copiers,1946.313,6,0.15,114.453,337.93
CA-2014-138149,6/30/2014,WB-21850,United States,OFF-BI-10003091,Office Supplies,Binders,895.92,5,0.2,302.373,337.16
IT-2012-3796476,1/16/2012,CC-12610,Germany,OFF-AP-10001527,Office Supplies,Appliances,2283.714,9,0.1,-0.216,337.07
CG-2012-8310,6/12/2012,BW-1065,Democratic Republic of the Congo,TEC-SAM-10004940,Technology,Phones,2549.76,4,0,1172.88,336.65
IN-2014-39735,3/17/2014,BE-11455,Australia,TEC-CO-10003777,Technology,Copiers,3299.562,14,0.1,366.282,336.02
ES-2012-4272278,11/13/2012,TG-21640,Belgium,OFF-AP-10001169,Office Supplies,Appliances,2489.4,9,0,273.78,335.95
CA-2013-107104,11/27/2013,MS-17365,United States,FUR-BO-10002213,Furniture,Bookcases,3406.664,8,0.15,160.3136,335.64
CA-2012-156104,12/6/2012,NP-18685,United States,TEC-CO-10002095,Technology,Copiers,999.98,2,0,449.991,334.26
ES-2014-4856325,5/16/2014,VM-21685,France,FUR-BO-10000120,Furniture,Bookcases,1189.242,9,0.1,250.992,334.23
CA-2014-145219,12/25/2014,RM-19675,United States,TEC-CO-10001449,Technology,Copiers,2879.952,6,0.2,1007.9832,334.15
MX-2014-120026,12/22/2014,SC-20695,El Salvador,FUR-CH-10002033,Furniture,Chairs,1269.6,4,0,355.44,333.15
ID-2013-12295,9/14/2013,SN-20560,Pakistan,TEC-PH-10002991,Technology,Phones,3499.155,11,0.5,-3009.435,333.1
ID-2013-10636,1/7/2013,CD-12280,Australia,FUR-TA-10000989,Furniture,Tables,2993.025,5,0.3,726.825,333.06
ES-2014-5554891,6/27/2014,CC-12100,France,TEC-CO-10004567,Technology,Copiers,815.949,3,0.15,287.919,333.02
ES-2012-5464624,7/13/2012,BG-11035,Finland,TEC-MA-10004609,Technology,Machines,1245,4,0,161.76,332.96
IN-2014-59426,2/11/2014,CC-12550,Australia,TEC-CO-10003448,Technology,Copiers,1027.728,8,0.1,182.688,332.2
IN-2014-59202,5/29/2014,AB-10105,Australia,TEC-CO-10003496,Technology,Copiers,1703.025,5,0.1,737.925,332.14
IN-2014-44257,4/16/2014,SV-20785,Indonesia,OFF-ST-10003150,Office Supplies,Storage,1803.0837,11,0.17,-130.3863,332.13
ES-2014-3860822,11/27/2014,HW-14935,France,FUR-BO-10004947,Furniture,Bookcases,676.485,5,0.1,195.285,330.51
IN-2011-23530,11/9/2011,AS-10285,India,FUR-CH-10004694,Furniture,Chairs,969.36,7,0,348.81,330.01
ES-2014-5991471,9/18/2014,LD-16855,France,FUR-BO-10000490,Furniture,Bookcases,1637.01,5,0.1,90.81,329.73
MX-2014-127656,2/24/2014,NS-18505,Colombia,TEC-CO-10001818,Technology,Copiers,1655.96144,7,0.002,13.20144,329.58
MX-2013-154886,9/3/2013,CM-12715,Mexico,FUR-CH-10004669,Furniture,Chairs,976.96,4,0.2,232,328.66
IN-2013-36963,12/23/2013,VG-21805,China,FUR-BO-10001196,Furniture,Bookcases,731.34,2,0,175.5,328.35
GH-2014-6410,6/17/2014,JD-6060,Ghana,OFF-KIT-10001380,Office Supplies,Appliances,1239,4,0,0,327.94
ID-2014-41597,3/15/2014,MG-17680,Vietnam,FUR-CH-10003616,Furniture,Chairs,1680.606,5,0.27,368.256,327.81
IN-2014-47449,7/12/2014,CD-12280,India,FUR-BO-10000288,Furniture,Bookcases,2190.75,5,0,65.7,327.55
ES-2014-4622860,6/9/2014,DB-13210,United Kingdom,TEC-MA-10000753,Technology,Machines,935.172,4,0.1,114.252,327.11
ES-2014-2538638,10/15/2014,CS-11860,Austria,OFF-ST-10000624,Office Supplies,Storage,1026.96,8,0,441.36,326.35
IN-2014-32084,8/6/2014,AF-10885,India,TEC-PH-10001457,Technology,Phones,2550,4,0,280.44,326.32
ES-2012-3954494,12/7/2012,GG-14650,France,TEC-CO-10000556,Technology,Copiers,1224.714,4,0.15,-129.726,326.27
ID-2012-79551,12/25/2012,BN-11470,Thailand,TEC-PH-10002601,Technology,Phones,2667.537,5,0.17,-417.813,326.27
ES-2013-2757712,5/16/2013,EM-14065,Germany,TEC-PH-10002759,Technology,Phones,2605.92,4,0,1042.32,326.05
IR-2013-1770,6/17/2013,BS-1665,Iran,OFF-ROG-10001735,Office Supplies,Storage,2962.68,14,0,207.06,325.93
IN-2014-13597,11/3/2014,AC-10450,India,FUR-TA-10002256,Furniture,Tables,2664,5,0,905.7,325.54
ES-2012-5967582,5/28/2012,CK-12205,Italy,TEC-CO-10001413,Technology,Copiers,1513.56,4,0,741.6,325.45
ES-2013-1215823,8/17/2013,JD-16150,United Kingdom,FUR-BO-10003103,Furniture,Bookcases,1233.63,3,0,234.36,325.32
UP-2011-5440,6/3/2011,CC-2550,Ukraine,FUR-LES-10002026,Furniture,Tables,855.15,1,0,384.81,325.04
IT-2011-1646767,7/14/2011,MS-17830,United Kingdom,TEC-MA-10001777,Technology,Machines,956.34,4,0.1,-95.7,324.98
CA-2011-122931,9/29/2011,SM-20950,United States,OFF-ST-10004459,Office Supplies,Storage,1801.632,6,0.2,-337.806,324.93
ES-2011-3805636,10/17/2011,GT-14710,Spain,FUR-CH-10004462,Furniture,Chairs,1838.52,5,0.2,160.77,324.09
IN-2011-40155,11/14/2011,CL-12700,India,TEC-PH-10000499,Technology,Phones,4498.83,7,0,674.73,323.75
ES-2014-5084020,7/14/2014,MM-17920,France,TEC-PH-10002759,Technology,Phones,1824.144,8,0.65,-1303.056,321.54
MX-2014-108532,6/3/2014,CM-12160,Nicaragua,FUR-BO-10002580,Furniture,Bookcases,2344,8,0,46.88,321.42
IN-2014-74847,12/15/2014,DB-13060,China,TEC-PH-10004618,Technology,Phones,2043.72,14,0,756,321.36
MZ-2014-140,6/28/2014,JW-5220,Mozambique,OFF-ROG-10001101,Office Supplies,Storage,856.8,14,0,265.44,321.23
US-2014-154487,12/20/2014,BN-11470,Mexico,OFF-AP-10002252,Office Supplies,Appliances,2509.36,7,0,426.58,320.96
IN-2012-72964,2/6/2012,JC-15775,Australia,FUR-CH-10000660,Furniture,Chairs,819.936,2,0.1,191.316,320.92
MX-2011-146584,1/21/2011,HL-15040,Nicaragua,FUR-TA-10001285,Furniture,Tables,2797.248,6,0.2,-0.072,320.38
MX-2012-144848,8/3/2012,LH-16900,Brazil,OFF-ST-10003741,Office Supplies,Storage,1455.08,11,0,261.8,320.29
ID-2014-27163,10/27/2014,DV-13045,Indonesia,FUR-BO-10003046,Furniture,Bookcases,2189.0898,6,0.07,541.3698,320.28
IN-2012-26274,2/27/2012,BT-11530,India,FUR-TA-10001116,Furniture,Tables,5451.3,6,0,327.06,320.27
IR-2012-660,6/11/2012,BM-1650,Iran,TEC-MOT-10002272,Technology,Phones,1291.08,2,0,296.94,319.58
IN-2011-44901,2/23/2011,MG-18205,India,TEC-CO-10004997,Technology,Copiers,1526.52,4,0,732.72,319.53
CA-2014-152975,9/15/2014,RB-19705,United States,TEC-PH-10004586,Technology,Phones,1079.85,3,0,323.955,319.04
MX-2013-123463,7/20/2013,FC-14245,Colombia,FUR-CH-10002780,Furniture,Chairs,1869.72,6,0,205.56,318.17
MX-2013-165064,3/29/2013,TT-21220,Guatemala,FUR-BO-10004558,Furniture,Bookcases,1815.24,7,0,471.94,318.08
IN-2014-48261,10/23/2014,CY-12745,India,TEC-CO-10002376,Technology,Copiers,959.76,3,0,460.62,317.81
MX-2014-126711,6/24/2014,SJ-20215,Mexico,TEC-PH-10003457,Technology,Phones,3045.84,7,0,1035.58,317.17
MX-2013-141474,10/30/2013,PB-18805,Nicaragua,TEC-PH-10000106,Technology,Phones,2125,5,0,297.5,316.76
CM-2012-6440,12/13/2012,BP-1230,Cameroon,TEC-MEM-10002005,Technology,Accessories,976.08,4,0,292.8,316.66
IN-2013-20177,5/4/2013,RW-19690,China,TEC-CO-10003342,Technology,Copiers,1266.36,4,0,265.92,316.59
CA-2014-141733,5/8/2014,RW-19540,United States,FUR-CH-10004086,Furniture,Chairs,1458.65,5,0,423.0085,315.73
ZA-2011-8980,9/8/2011,DB-3360,Zambia,FUR-BEV-10004919,Furniture,Tables,2134.44,4,0,682.92,315.57
ES-2012-2183106,4/22/2012,DK-13150,Germany,TEC-CO-10003342,Technology,Copiers,4748.436,14,0.1,844.116,315.29
SF-2013-9730,10/30/2013,RW-9540,South Africa,TEC-OKI-10001385,Technology,Machines,1867.5,6,0,242.64,314.81
IN-2011-74490,4/16/2011,PS-19045,China,FUR-CH-10003009,Furniture,Chairs,1001.7,6,0,250.38,314.7
CA-2012-102281,10/12/2012,MP-17470,United States,FUR-BO-10002613,Furniture,Bookcases,899.136,4,0.2,112.392,314.38
CA-2014-120138,5/26/2014,TB-21625,United States,OFF-BI-10004519,Office Supplies,Binders,663.92,5,0.2,207.475,314.27
IN-2014-10979,10/31/2014,MO-17800,Japan,OFF-AP-10001931,Office Supplies,Appliances,4306.32,8,0,1722.48,314.15
IN-2013-72740,4/12/2013,NF-18475,China,OFF-AP-10001305,Office Supplies,Appliances,899.55,3,0,323.82,313.71
IN-2013-15277,11/11/2013,MR-17545,India,TEC-CO-10002150,Technology,Copiers,763.92,4,0,381.96,313.66
IT-2012-2619984,10/13/2012,CB-12415,Germany,TEC-PH-10004823,Technology,Phones,2544.24,4,0,1093.92,313.58
ID-2012-81056,10/13/2012,LC-17050,New Zealand,FUR-CH-10000051,Furniture,Chairs,1136.664,4,0.4,-189.456,313.52
IN-2014-27303,1/30/2014,RA-19885,China,FUR-CH-10000602,Furniture,Chairs,2301,5,0,91.95,313.45
CG-2012-6760,10/12/2012,MG-8145,Democratic Republic of the Congo,TEC-CIS-10002259,Technology,Phones,3908.88,6,0,1563.48,313.31
CA-2013-114489,12/6/2013,JE-16165,United States,FUR-CH-10000454,Furniture,Chairs,1951.84,8,0,585.552,312.22
CA-2014-160885,12/3/2014,JK-16090,United States,TEC-PH-10001795,Technology,Phones,2479.96,4,0,743.988,312.14
ID-2013-69345,9/19/2013,EM-13960,India,OFF-AP-10001824,Office Supplies,Appliances,2249.16,4,0,224.88,311.14
MX-2012-122756,12/31/2012,DJ-13420,Mexico,OFF-AP-10002681,Office Supplies,Appliances,2528.26,7,0,176.96,310.75
ES-2014-4107155,12/29/2014,CD-11920,France,FUR-TA-10003268,Furniture,Tables,1461.135,5,0.35,202.185,310.17
MX-2013-147844,11/15/2013,BO-11425,Mexico,TEC-PH-10003457,Technology,Phones,3045.84,7,0,1035.58,309.75
CA-2011-116246,9/12/2011,LW-17215,United States,FUR-CH-10002024,Furniture,Chairs,3785.292,6,0.1,420.588,309.69
CA-2014-143686,5/15/2014,PJ-19015,United States,TEC-AC-10001838,Technology,Accessories,1399.93,7,0,601.9699,309.52
ID-2014-27765,9/8/2014,KM-16720,Philippines,FUR-BO-10002204,Furniture,Bookcases,2152.956,8,0.35,198.636,309.11
ES-2013-5135305,6/17/2013,SV-20785,France,TEC-AC-10004571,Technology,Accessories,1244.1,5,0,447.75,309
MX-2011-131478,12/8/2011,BG-11695,Mexico,FUR-CH-10004095,Furniture,Chairs,2226.816,9,0.2,500.976,308.66
IN-2014-57837,9/19/2014,CS-12130,Australia,FUR-BO-10001212,Furniture,Bookcases,1586.412,4,0.1,17.532,307.98
CA-2013-133711,11/27/2013,MC-17425,United States,TEC-MA-10000010,Technology,Machines,3040,8,0,1459.2,307.85
IZ-2014-7800,2/10/2014,BD-1635,Iraq,OFF-KIT-10003683,Office Supplies,Appliances,3425.4,6,0,1233,307.83
ES-2014-1107818,2/8/2014,RF-19345,Spain,OFF-AP-10004512,Office Supplies,Appliances,1136.94,2,0,568.44,307.43
ID-2013-60896,8/5/2013,JE-16165,Indonesia,FUR-BO-10000980,Furniture,Bookcases,677.6352,2,0.07,211.2552,307.25
IR-2014-890,4/15/2014,MG-7680,Iran,FUR-BUS-10004644,Furniture,Bookcases,731.34,2,0,80.4,305.98
CA-2011-163223,3/21/2011,KH-16690,United States,TEC-PH-10000730,Technology,Phones,3499.93,7,0,909.9818,305.29
IN-2014-16887,5/5/2014,CC-12475,India,TEC-CO-10002040,Technology,Copiers,1272.72,4,0,534.48,305.27
ES-2013-1525878,11/4/2013,LT-16765,Italy,OFF-AP-10002321,Office Supplies,Appliances,1856.34,6,0,909.54,305.25
ES-2014-3691479,6/10/2014,FH-14365,Spain,TEC-PH-10000493,Technology,Phones,2295,4,0.1,459,305.2
ES-2012-3533091,8/31/2012,BF-10975,France,TEC-PH-10001396,Technology,Phones,1622.1825,3,0.15,324.3825,305.16
IN-2013-72390,6/20/2013,CJ-12010,China,TEC-PH-10000896,Technology,Phones,1063.44,7,0,361.41,304.95
HU-2014-960,8/23/2014,SH-9975,Hungary,TEC-MEM-10002202,Technology,Accessories,3449.88,14,0,275.94,304.75
US-2012-110436,5/28/2012,SL-20155,Mexico,FUR-BO-10001356,Furniture,Bookcases,585.456,3,0.2,-0.024,304.53
LI-2014-5380,5/19/2014,NC-8340,Liberia,TEC-SHA-10001231,Technology,Copiers,1429.44,4,0,471.6,304.5
SF-2013-8920,4/29/2013,JB-5400,South Africa,FUR-HON-10001960,Furniture,Tables,1057.8,2,0,158.64,304.36
IN-2013-36963,12/23/2013,VG-21805,China,FUR-BO-10000980,Furniture,Bookcases,1092.96,3,0,393.39,304.16
MX-2014-117051,10/12/2014,TB-21250,Cuba,FUR-TA-10002966,Furniture,Tables,1483,5,0,741.5,303.65
MX-2014-133830,4/15/2014,PS-18970,Colombia,OFF-AP-10002252,Office Supplies,Appliances,1792.4,5,0,304.7,303.63
ES-2014-3540255,11/28/2014,BB-11545,Germany,FUR-BO-10001943,Furniture,Bookcases,2455.677,7,0.1,-191.163,303.59
GG-2012-8530,5/11/2012,SG-10470,Georgia,TEC-BRO-10004802,Technology,Copiers,1900.44,6,0,417.96,303.45
IN-2013-60546,6/18/2013,SP-20920,Thailand,TEC-PH-10001751,Technology,Phones,3712.59,7,0.17,849.87,302.99
IN-2012-44278,5/4/2012,NZ-18565,India,TEC-CO-10003102,Technology,Copiers,2372.22,9,0,0,302.82
IN-2011-35178,11/11/2011,Dp-13240,China,TEC-PH-10003713,Technology,Phones,5725.35,9,0,1602.99,302.61
ES-2014-2421154,12/24/2014,GZ-14470,Italy,FUR-BO-10000967,Furniture,Bookcases,2553.18,7,0,842.52,302.55
MX-2014-123512,5/15/2014,AH-10075,Mexico,OFF-AP-10002317,Office Supplies,Appliances,2003.52,6,0,861.48,302.48
PL-2014-9210,12/9/2014,CB-2025,Poland,TEC-SHA-10000971,Technology,Copiers,1188.36,4,0,95.04,302.14
IN-2011-43375,12/7/2011,SC-20050,Australia,TEC-PH-10004664,Technology,Phones,2875.095,5,0.1,511.095,302.01
IT-2013-4559122,9/10/2013,AM-10705,Switzerland,FUR-CH-10000546,Furniture,Chairs,2380.5,5,0,952.2,301.73
AL-2011-7440,3/3/2011,SC-10230,Albania,TEC-STA-10002497,Technology,Machines,1619.1,10,0,258.9,301.73
ID-2012-39903,1/2/2012,JS-15595,Indonesia,OFF-AP-10004964,Office Supplies,Appliances,2821.7178,6,0.17,339.8778,301.26
ID-2012-48639,10/30/2012,BS-11380,Indonesia,TEC-CO-10001895,Technology,Copiers,2991.1032,9,0.07,-128.7468,300.6
IN-2013-42864,11/19/2013,TC-21295,Thailand,OFF-AP-10002573,Office Supplies,Appliances,1798.6764,4,0.17,86.6364,300.5
RS-2013-7430,8/15/2013,JL-5130,Russia,TEC-APP-10000308,Technology,Phones,2544.84,4,0,712.44,299.4
IN-2013-41975,6/8/2013,Dp-13240,Japan,FUR-CH-10002061,Furniture,Chairs,951.72,2,0,228.36,299.12
IN-2014-78725,10/2/2014,NF-18385,Bangladesh,TEC-PH-10001670,Technology,Phones,2575.92,4,0,978.84,298.83
ES-2014-4089082,2/27/2014,AS-10090,United Kingdom,OFF-AP-10001623,Office Supplies,Appliances,1699.83,3,0,84.96,298.77
IN-2013-11938,10/31/2013,EL-13735,Australia,FUR-BO-10001255,Furniture,Bookcases,2634.552,8,0.1,116.952,298.63
IN-2013-34170,12/18/2013,FH-14275,Indonesia,FUR-BO-10002990,Furniture,Bookcases,3707.352,11,0.07,1554.432,298.44
IN-2014-53427,5/9/2014,LT-16765,India,FUR-TA-10004711,Furniture,Tables,4298.85,5,0,300.9,297.81
IN-2014-41786,7/4/2014,BN-11470,China,OFF-AP-10002793,Office Supplies,Appliances,3417.48,6,0,854.28,297.2
ES-2012-1691714,5/17/2012,BP-11230,Spain,OFF-AP-10000584,Office Supplies,Appliances,2080.32,4,0,561.6,296.98
IN-2011-51740,8/3/2011,DM-13525,India,TEC-PH-10000720,Technology,Phones,840.6,5,0,319.35,296.68
CA-2013-107783,7/29/2013,OT-18730,United States,OFF-BI-10000545,Office Supplies,Binders,1369.764,6,0.7,-913.176,296.1
CD-2013-4900,2/14/2013,SM-10320,Chad,OFF-SME-10000538,Office Supplies,Storage,1288.8,10,0,90,296.08
IN-2012-63787,5/23/2012,PM-19135,Australia,FUR-BO-10002736,Furniture,Bookcases,660.69,5,0.1,44.04,296.01
MW-2014-7130,8/4/2014,TS-11430,Montenegro,OFF-CUI-10000682,Office Supplies,Appliances,3234.24,6,0,970.2,295.74
MX-2013-147690,11/13/2013,TS-21340,Brazil,TEC-PH-10002672,Technology,Phones,2171.3,5,0,390.8,294.97
IN-2014-34317,2/12/2014,AM-10705,Australia,TEC-AC-10002244,Technology,Accessories,2074.734,9,0.1,276.534,294.73
MX-2014-127005,11/11/2014,LS-17245,Mexico,TEC-PH-10000018,Technology,Phones,849.8,2,0,195.44,294.57
IN-2013-26519,3/30/2013,DR-12940,Australia,FUR-BO-10004852,Furniture,Bookcases,1177.173,3,0.1,353.133,294.55
CA-2013-1260,8/24/2013,DW-3480,Canada,TEC-HEW-10003829,Technology,Copiers,2270.34,6,0,1112.4,294.25
CA-2014-123967,11/2/2014,SF-20200,United States,FUR-TA-10003954,Furniture,Tables,2665.62,9,0,239.9058,294.17
IN-2013-57914,8/19/2013,CM-11815,Pakistan,TEC-PH-10000303,Technology,Phones,2863.08,9,0.5,-458.19,293.78
ES-2014-2598901,5/29/2014,FG-14260,France,OFF-AP-10001593,Office Supplies,Appliances,1253.07,5,0.1,236.67,293.46
IR-2012-1470,8/22/2012,KN-6705,Iran,OFF-BRE-10001107,Office Supplies,Appliances,3369.24,6,0,606.42,293.12
WA-2014-7260,7/5/2014,TB-11520,Namibia,TEC-MEM-10002005,Technology,Accessories,1464.12,6,0,439.2,293.07
IT-2012-2093927,3/14/2012,GM-14440,Netherlands,FUR-BO-10002708,Furniture,Bookcases,1273.125,7,0.5,-993.195,291.93
CA-2014-113418,10/2/2014,CM-12655,United States,TEC-MA-10002428,Technology,Machines,1704.89,11,0,767.2005,291.68
MX-2014-167325,9/16/2014,JB-15400,Guatemala,TEC-CO-10003655,Technology,Copiers,1258.7774,5,0.002,375.7774,291.63
IN-2014-68057,8/7/2014,JS-16030,Pakistan,FUR-CH-10001271,Furniture,Chairs,2584.008,7,0.2,290.598,291.06
IN-2013-16999,9/9/2013,AM-10705,Philippines,TEC-CO-10000447,Technology,Copiers,1482.39,6,0.35,68.31,290.69
MX-2014-139164,9/8/2014,SF-20200,El Salvador,TEC-PH-10000018,Technology,Phones,1274.7,3,0,293.16,290.52
CA-2011-145387,10/31/2011,AM-10705,United States,FUR-CH-10002320,Furniture,Chairs,1604.9,5,0,481.47,289.82
MX-2012-131758,10/17/2012,JF-15295,Cuba,FUR-CH-10001332,Furniture,Chairs,2818.08,9,0,225.36,289.52
ID-2014-74238,2/17/2014,KH-16510,Philippines,FUR-CH-10002573,Furniture,Chairs,1046.25,3,0.25,-111.6,289.32
IN-2012-27583,2/24/2012,DL-13330,India,TEC-PH-10001699,Technology,Phones,3187.2,5,0,541.8,289.17
IN-2012-56073,12/3/2012,KN-16390,Australia,FUR-CH-10000660,Furniture,Chairs,4099.68,10,0.1,956.58,288.98
IN-2012-37698,12/12/2012,SV-20935,China,OFF-ST-10000704,Office Supplies,Storage,703.35,5,0,260.1,288.75
IN-2014-25063,6/16/2014,MD-17860,Australia,TEC-CO-10003354,Technology,Copiers,2293.488,8,0.1,509.568,288.63
ES-2012-5420110,12/20/2012,LS-17200,France,TEC-MA-10002918,Technology,Machines,1238.6115,9,0.15,14.4315,288.47
MX-2014-169313,5/13/2014,JM-15865,Mexico,FUR-CH-10001588,Furniture,Chairs,1715.056,7,0.2,300.076,288.1
CA-2014-158729,12/20/2014,AC-10450,United States,OFF-SU-10002881,Office Supplies,Supplies,1665.62,2,0,33.3124,287.77
IN-2014-80286,11/7/2014,CM-12445,Australia,FUR-CH-10000051,Furniture,Chairs,2841.66,6,0,852.48,287.24
IT-2013-3695467,6/10/2013,SS-20140,Portugal,OFF-AP-10001623,Office Supplies,Appliances,3399.66,12,0.5,-3059.82,286.87
IN-2012-75904,5/10/2012,BW-11110,India,TEC-MA-10001752,Technology,Machines,1607.76,6,0,482.22,286.74
IN-2013-71333,9/13/2013,JE-15610,India,TEC-PH-10004006,Technology,Phones,840.15,5,0,260.4,286.67
IN-2013-25560,7/25/2013,GH-14425,China,FUR-BO-10000035,Furniture,Bookcases,1236.33,3,0,519.21,286.57
IN-2014-25847,10/11/2014,JK-16090,India,OFF-AP-10003275,Office Supplies,Appliances,2488.56,8,0,348.24,286.53
MX-2011-125045,11/22/2011,SM-20320,Dominican Republic,OFF-AP-10003561,Office Supplies,Appliances,1124.256,7,0.2,252.896,286.46
CA-2013-128818,5/8/2013,CJ-12010,United States,TEC-MA-10000488,Technology,Machines,3999.95,5,0,1159.9855,286.44
US-2014-168046,10/25/2014,GR-14560,Mexico,FUR-TA-10004154,Furniture,Tables,726.72,3,0.2,-18.18,286.37
US-2012-100377,8/28/2012,TS-21370,United States,TEC-CO-10001046,Technology,Copiers,2799.96,5,0.2,874.9875,286.3
MA-2013-1850,10/14/2013,DH-3675,Madagascar,TEC-STA-10003330,Technology,Machines,1519.92,6,0,653.4,286.2
RS-2011-3350,2/14/2011,MM-8280,Russia,TEC-CAN-10000932,Technology,Copiers,1279.32,4,0,319.8,286.19
IN-2014-35983,5/1/2014,SW-20275,India,FUR-CH-10000994,Furniture,Chairs,723.3,5,0,122.85,286.01
IR-2011-7220,3/11/2011,PM-9135,Iran,TEC-MOT-10003348,Technology,Phones,642.69,1,0,244.2,285.83
IN-2012-50207,8/3/2012,GH-14425,Australia,FUR-BO-10003783,Furniture,Bookcases,2619,8,0.1,232.68,285.65
ID-2012-17601,12/20/2012,JM-15865,Pakistan,OFF-AP-10001329,Office Supplies,Appliances,1704.87,6,0.5,-1023.03,285.61
ES-2012-2224678,8/3/2012,CM-12115,Italy,TEC-CO-10004563,Technology,Copiers,1715.91,7,0,583.38,285.12
IN-2012-50788,6/20/2012,SC-20845,China,TEC-PH-10001751,Technology,Phones,1278,2,0,460.08,284.81
MO-2013-60,2/8/2013,GP-4740,Morocco,OFF-HOO-10001783,Office Supplies,Appliances,1234.56,4,0,246.84,284.7
ES-2011-5752766,9/28/2011,AF-10870,Belgium,OFF-AP-10003558,Office Supplies,Appliances,4195.2,8,0,839.04,284.51
IT-2012-5541212,6/23/2012,TS-21505,France,FUR-BO-10000170,Furniture,Bookcases,1765.395,5,0.1,-98.205,284.19
MX-2013-148453,12/20/2013,CR-12730,Colombia,FUR-TA-10002101,Furniture,Tables,1480.368,3,0.2,333.048,283.93
MX-2012-153157,10/11/2012,FH-14365,Mexico,TEC-PH-10000419,Technology,Phones,2968.98,7,0,89.04,283.69
ID-2011-66475,8/29/2011,BM-11575,Australia,FUR-TA-10001494,Furniture,Tables,2301.138,7,0.3,-953.442,283.36
ES-2014-5295631,7/18/2014,AH-10030,Austria,FUR-BO-10001165,Furniture,Bookcases,1100.52,3,0,352.08,283.25
IN-2011-76758,12/6/2011,AG-10495,China,TEC-CO-10000562,Technology,Copiers,2518.95,7,0,553.98,283.09
ES-2014-1015287,4/16/2014,BN-11470,United Kingdom,FUR-BO-10003697,Furniture,Bookcases,996.3,5,0,119.55,282.58
CA-2014-136308,11/17/2014,MW-18235,United States,TEC-MA-10000488,Technology,Machines,1919.976,3,0.2,215.9973,282.43
AU-2011-0,9/2/2011,AG-675,Austria,FUR-HON-10003871,Furniture,Tables,922.95,1,0,341.49,282.09
ES-2013-2003988,8/1/2013,SW-20755,France,FUR-BO-10003103,Furniture,Bookcases,1850.445,5,0.1,184.995,281.82
MX-2014-113845,9/12/2014,CS-12460,Nicaragua,FUR-BO-10001946,Furniture,Bookcases,664.56,6,0,6.6,281.74
ES-2014-1356130,8/6/2014,SK-19990,France,TEC-AC-10004849,Technology,Accessories,1547.1,6,0,340.2,280.54
IN-2014-34632,11/20/2014,MP-18175,Vietnam,OFF-AP-10003621,Office Supplies,Appliances,2190.951,5,0.17,316.701,280.47
MX-2012-111178,5/4/2012,AG-10900,Mexico,OFF-AP-10001106,Office Supplies,Appliances,3242.88,9,0,324.18,279.53
MO-2012-100,8/27/2012,AJ-960,Morocco,TEC-SAM-10004785,Technology,Phones,2544.6,4,0,1246.8,279.11
UP-2013-910,12/24/2013,MC-7275,Ukraine,TEC-CIS-10002344,Technology,Phones,2605.56,4,0,573.12,278.98
IT-2013-2494403,1/29/2013,JF-15295,Spain,OFF-ST-10004267,Office Supplies,Storage,1271.457,11,0.1,-127.413,278.75
CA-2013-162236,11/5/2013,ER-13855,United States,FUR-TA-10002533,Furniture,Tables,876.3,10,0.4,-292.1,278.5
SA-2011-1830,12/27/2011,MM-7260,Saudi Arabia,TEC-STA-10003386,Technology,Machines,1207.56,4,0,0,278.34
IN-2012-44068,11/30/2012,EJ-13720,Singapore,FUR-BO-10004043,Furniture,Bookcases,2051.1,5,0,40.95,278.13
MX-2013-137330,5/21/2013,MS-17365,El Salvador,TEC-PH-10001712,Technology,Phones,2544.24,6,0,992.16,277.93
CA-2011-108609,10/31/2011,AJ-10780,United States,FUR-TA-10003954,Furniture,Tables,1421.664,8,0.4,-734.5264,277.66
ES-2014-1393638,6/27/2014,DH-13675,United Kingdom,FUR-BO-10000259,Furniture,Bookcases,1314.45,3,0,341.73,277.29
CA-2011-164973,11/4/2011,NM-18445,United States,TEC-MA-10002927,Technology,Machines,3991.98,2,0,1995.99,276.89
MX-2013-105585,7/25/2013,HE-14800,Brazil,FUR-TA-10004801,Furniture,Tables,980.32,2,0.2,110.28,276.71
CA-2011-116666,5/8/2011,KT-16480,United States,TEC-CO-10001449,Technology,Copiers,1799.97,5,0.4,239.996,276.7
IN-2011-33183,10/27/2011,SB-20170,China,FUR-BO-10004771,Furniture,Bookcases,2470.5,6,0,518.76,276.29
CA-2013-139997,7/2/2013,EM-14140,United States,TEC-CO-10000971,Technology,Copiers,1499.95,5,0,449.985,276.23
IN-2012-83471,12/26/2012,VT-21700,New Zealand,FUR-BO-10001370,Furniture,Bookcases,877.02,2,0,105.24,275.91
US-2012-126214,12/21/2012,JS-15880,United States,FUR-TA-10003748,Furniture,Tables,1618.37,13,0,356.0414,275.6
IN-2012-80391,5/7/2012,BC-11125,New Zealand,TEC-CO-10002122,Technology,Copiers,1917.36,6,0,747.72,275.57
IN-2011-19330,1/8/2011,NF-18595,China,TEC-MA-10002468,Technology,Machines,2173.5,7,0,260.82,275.52
CA-2013-147256,10/18/2013,FC-14245,United States,OFF-AP-10003057,Office Supplies,Appliances,1927.59,7,0,751.7601,274.82
CA-2012-8790,7/7/2012,RH-9600,Canada,OFF-BRE-10002706,Office Supplies,Appliances,1799.1,6,0,593.64,274.75
IT-2011-4752666,6/18/2011,RB-19330,Spain,FUR-BO-10004388,Furniture,Bookcases,1814.25,5,0,653.1,274.63
ES-2012-2287053,1/10/2012,CS-11950,Sweden,OFF-AP-10004201,Office Supplies,Appliances,1293.675,5,0.5,-776.325,274.58
ES-2014-4472745,2/11/2014,BW-11110,Spain,OFF-AP-10004511,Office Supplies,Appliances,2477.55,5,0,1040.55,273.88
CA-2013-155845,8/13/2013,CM-12235,United States,TEC-AC-10004145,Technology,Accessories,1399.944,7,0.2,52.4979,273.79
IN-2012-53420,4/12/2012,LW-16825,India,TEC-CO-10004961,Technology,Copiers,723.3,2,0,332.7,273.63
ES-2014-5474746,1/3/2014,RD-19585,Spain,TEC-CO-10004089,Technology,Copiers,2097.12,8,0,188.64,273.57
CA-2013-110492,2/12/2013,JS-15880,United States,OFF-ST-10003716,Office Supplies,Storage,1350.12,6,0,175.5156,273.44
IN-2014-58460,12/13/2014,BT-11680,Japan,OFF-AP-10000675,Office Supplies,Appliances,3242.88,6,0,421.56,271.59
US-2014-102890,7/1/2014,SG-20470,United States,FUR-TA-10000577,Furniture,Tables,1044.63,5,0.4,-295.9785,271.32
CA-2014-141789,10/4/2014,AC-10450,United States,OFF-BI-10001359,Office Supplies,Binders,1793.98,2,0,843.1706,271.12
IT-2014-2185471,10/7/2014,TB-21175,Italy,FUR-BO-10003559,Furniture,Bookcases,597.36,4,0,226.92,271.01
UP-2013-1070,6/20/2013,MD-7860,Ukraine,OFF-HAM-10004896,Office Supplies,Appliances,3955.14,14,0,1383.9,270.65
IN-2014-79544,7/11/2014,JH-16180,Indonesia,FUR-BO-10004842,Furniture,Bookcases,796.824,6,0.07,231.264,270.56
ES-2014-3535439,4/24/2014,CC-12145,Germany,TEC-AC-10003506,Technology,Accessories,2305.26,9,0,922.05,270.26
MX-2011-134705,5/4/2011,XP-21865,El Salvador,FUR-TA-10003926,Furniture,Tables,2833.76,10,0.2,35.36,269.94
IN-2011-10055,10/6/2011,TS-21370,India,OFF-AP-10003598,Office Supplies,Appliances,2077.32,4,0,581.64,269.89
MX-2014-157077,11/12/2014,ML-17410,Cuba,FUR-BO-10002300,Furniture,Bookcases,1916.88,7,0,939.26,269.76
MX-2014-124744,12/17/2014,MY-18295,Nicaragua,FUR-BO-10004472,Furniture,Bookcases,1212.5,5,0,606.2,269.53
CA-2014-122490,11/14/2014,TT-21070,United States,FUR-CH-10001215,Furniture,Chairs,2404.704,6,0.2,150.294,269.03
ES-2013-1706935,4/5/2013,BS-11665,France,TEC-PH-10001066,Technology,Phones,1622.565,3,0.15,133.605,268.19
IN-2014-81154,9/19/2014,NL-18310,New Zealand,TEC-CO-10000847,Technology,Copiers,856.44,6,0,222.66,268.13
US-2013-126452,8/22/2013,SC-20230,United States,FUR-TA-10003569,Furniture,Tables,2887.056,9,0.2,180.441,268.1
IT-2014-3335279,7/10/2014,CA-11965,Germany,FUR-BO-10002812,Furniture,Bookcases,1361.043,9,0.1,196.533,268.04
IN-2014-78186,10/6/2014,QJ-19255,China,TEC-CO-10002035,Technology,Copiers,3391.74,9,0,271.08,267.93
MX-2013-101077,6/1/2013,RE-19450,Dominican Republic,TEC-PH-10002815,Technology,Phones,2375.296,7,0.2,-207.844,267.78
SF-2012-9340,8/20/2012,CP-2085,South Africa,FUR-SAU-10001776,Furniture,Bookcases,889.02,6,0,320.04,267.64
RS-2011-7040,8/30/2011,JK-5730,Russia,FUR-CHR-10002686,Furniture,Tables,1782.48,4,0,873.36,266.4
ES-2012-5708011,12/4/2012,HZ-14950,France,TEC-CO-10000660,Technology,Copiers,667.7685,3,0.15,274.9185,266.02
ID-2014-42262,10/13/2014,AR-10570,Australia,TEC-CO-10004170,Technology,Copiers,1612.845,5,0.1,394.245,266
IT-2013-4354136,12/19/2013,EH-14005,Spain,OFF-ST-10001478,Office Supplies,Storage,845.208,7,0.1,-9.492,265.85
IN-2012-29130,6/16/2012,JR-15700,India,OFF-AP-10003275,Office Supplies,Appliances,2799.63,9,0,391.77,265.46
IN-2013-47071,8/20/2013,PL-18925,Myanmar (Burma),OFF-AP-10003275,Office Supplies,Appliances,1549.1286,6,0.17,-56.1114,265.14
MX-2012-132038,6/21/2012,TC-21145,Mexico,TEC-PH-10004074,Technology,Phones,1696.4,4,0,67.84,264.89
MX-2012-167892,5/23/2012,DG-13300,Mexico,OFF-AP-10004031,Office Supplies,Appliances,935.5,5,0,168.3,264.43
ES-2013-4477075,4/30/2013,LW-16990,France,TEC-MA-10004535,Technology,Machines,2036.8125,9,0.15,359.3025,263.82
ES-2012-5168556,6/15/2012,Dl-13600,France,TEC-AC-10001566,Technology,Accessories,980.52,4,0,176.4,263.71
ES-2013-4100927,12/18/2013,SC-20095,France,TEC-CO-10002174,Technology,Copiers,1654.644,8,0.15,681.204,263.47
CA-2014-131254,11/20/2014,NC-18415,United States,OFF-BI-10003527,Office Supplies,Binders,1525.188,6,0.8,-2287.782,263.47
ID-2014-29032,7/21/2014,EB-13930,Indonesia,FUR-CH-10003232,Furniture,Chairs,2063.7684,6,0.27,141.1884,263.01
MO-2013-60,2/8/2013,GP-4740,Morocco,TEC-CIS-10001938,Technology,Phones,1457.28,8,0,568.32,262.66
IN-2011-33183,10/27/2011,SB-20170,China,TEC-CO-10003901,Technology,Copiers,1693.23,7,0,829.5,262.52
US-2014-167402,1/14/2014,CP-12085,United States,OFF-SU-10002881,Office Supplies,Supplies,4164.05,5,0,83.281,262.42
MX-2013-140382,2/26/2013,SM-20005,Brazil,FUR-TA-10001229,Furniture,Tables,1411.2,6,0.2,405.72,262.11
IT-2011-3410434,11/26/2011,JR-15670,Germany,OFF-AP-10001623,Office Supplies,Appliances,2039.796,4,0.1,-113.364,262.11
IN-2012-51810,8/20/2012,CM-12160,China,TEC-PH-10001457,Technology,Phones,5737.5,9,0,630.99,261.87
IN-2012-76408,5/24/2012,DL-12925,Australia,TEC-CO-10002283,Technology,Copiers,1641.087,7,0.1,473.907,261.52
MX-2011-115686,11/4/2011,FM-14290,Jamaica,FUR-BO-10000728,Furniture,Bookcases,1380.9,5,0,303.7,261.26
IN-2011-17594,9/22/2011,DP-13165,India,TEC-PH-10001751,Technology,Phones,1917,3,0,690.12,261.08
IN-2013-85662,10/17/2013,CK-12595,New Zealand,FUR-BO-10001309,Furniture,Bookcases,823.5,2,0,172.92,260.6
CA-2013-168354,9/20/2013,RH-19510,United States,FUR-CH-10004675,Furniture,Chairs,872.32,4,0,244.2496,260.38
IN-2013-42269,6/5/2013,GM-14440,China,TEC-PH-10000030,Technology,Phones,3180.75,5,0,1081.35,260.29
ES-2013-5114628,5/14/2013,CM-11830,France,TEC-MA-10004609,Technology,Machines,2910.1875,11,0.15,-68.7225,259.97
CA-2011-126683,9/29/2011,PP-18955,United States,FUR-TA-10002958,Furniture,Tables,2348.82,9,0,399.2994,259.81
CA-2014-167752,1/16/2014,RW-19690,United States,OFF-AP-10002945,Office Supplies,Appliances,1924.16,8,0.2,312.676,259.62
IN-2013-52552,10/21/2013,MM-17260,China,TEC-PH-10003891,Technology,Phones,910.35,5,0,391.35,259.57
ES-2014-2648154,8/11/2014,ME-17320,United Kingdom,FUR-TA-10002786,Furniture,Tables,856.68,2,0,274.08,259.34
MX-2013-115742,5/4/2013,CS-12490,Mexico,FUR-CH-10000843,Furniture,Chairs,1731.072,7,0.2,-238.028,259.25
IT-2013-1659438,7/15/2013,GH-14410,Spain,TEC-PH-10003513,Technology,Phones,1330.992,12,0.1,-103.608,259.12
CA-2011-167199,1/7/2011,ME-17320,United States,FUR-CH-10004063,Furniture,Chairs,2573.82,9,0,746.4078,258.99
MX-2014-107181,12/2/2014,MC-17635,Dominican Republic,TEC-AC-10000203,Technology,Accessories,1914.08,14,0.2,669.76,258.96
MX-2014-124002,1/8/2014,VT-21700,Brazil,TEC-PH-10000419,Technology,Phones,3393.12,8,0,101.76,258.84
US-2014-165456,12/1/2014,TB-21625,United States,FUR-CH-10003981,Furniture,Chairs,1079.316,6,0.3,-15.4188,258.42
IN-2014-25091,6/27/2014,SJ-20215,China,TEC-CO-10004961,Technology,Copiers,1446.6,4,0,665.4,258.02
IN-2011-24832,3/12/2011,CD-11920,China,FUR-CH-10002250,Furniture,Chairs,3272.01,7,0,1537.83,257.63
ID-2013-71522,1/15/2013,TA-21385,Philippines,OFF-AP-10000487,Office Supplies,Appliances,3386.859,7,0.15,-597.681,257.24
IT-2011-2051710,11/19/2011,DJ-13420,Italy,TEC-PH-10003683,Technology,Phones,728.532,7,0.4,-133.728,257.16
IN-2012-60126,8/28/2012,DP-13105,Australia,OFF-AP-10003500,Office Supplies,Appliances,2498.526,9,0.1,499.446,257.16
QA-2014-940,12/24/2014,LM-7065,Qatar,TEC-MOT-10000554,Technology,Phones,2575.92,4,0,772.68,256.87
ES-2012-2930191,6/16/2012,AR-10510,Italy,FUR-BO-10000490,Furniture,Bookcases,2546.46,7,0,381.78,256.7
IN-2013-50214,7/11/2013,JH-15910,Japan,FUR-BO-10001749,Furniture,Bookcases,2888.76,7,0,173.25,256.64
IN-2012-33288,5/22/2012,PC-19000,Malaysia,TEC-AC-10003753,Technology,Accessories,1031.4,4,0,185.64,256.26
ES-2014-2565448,8/5/2014,CM-12235,United Kingdom,TEC-PH-10000037,Technology,Phones,1237.44,8,0,74.16,255.92
CG-2014-4630,8/12/2014,DK-3375,Democratic Republic of the Congo,TEC-STA-10003447,Technology,Machines,1018.32,4,0,183.24,255.69
ES-2012-4765389,12/26/2012,NM-18520,Spain,OFF-SU-10000076,Office Supplies,Supplies,600.6,13,0,131.82,255.57
ES-2013-2453999,1/5/2013,EG-13900,France,FUR-BO-10004999,Furniture,Bookcases,2756.943,7,0.1,1163.883,255.56
ID-2014-68183,12/29/2014,AH-10075,Australia,OFF-AP-10003032,Office Supplies,Appliances,1534.869,3,0.1,-102.411,255.42
IN-2013-48324,2/27/2013,DK-12895,Indonesia,TEC-CO-10003819,Technology,Copiers,1781.136,8,0.07,-134.064,255.36
IN-2013-83191,12/16/2013,AS-10630,New Zealand,TEC-PH-10002962,Technology,Phones,6439.8,10,0,2447.1,255.36
US-2012-158323,7/4/2012,CL-11890,Brazil,TEC-PH-10000808,Technology,Phones,1363.2,8,0.6,-1806.24,255.17
ES-2012-3552576,8/20/2012,CA-12265,United Kingdom,FUR-CH-10002585,Furniture,Chairs,3315.27,7,0,961.38,254.92
CA-2013-162355,7/1/2013,PF-19165,United States,FUR-BO-10004695,Furniture,Bookcases,1266.86,7,0,291.3778,254.77
ES-2012-5359319,7/3/2012,DB-12970,France,TEC-MA-10003557,Technology,Machines,2123.028,8,0.15,124.788,254.54
ES-2014-3182169,11/29/2014,PC-19000,Germany,TEC-CO-10001191,Technology,Copiers,2478.84,7,0,272.58,254.47
IN-2011-52209,4/8/2011,VS-21820,Australia,OFF-AP-10003795,Office Supplies,Appliances,1894.536,4,0.1,505.176,254.37
CA-2013-106530,5/9/2013,CL-12565,United States,OFF-ST-10002011,Office Supplies,Storage,1006.056,3,0.2,88.0299,254.13
US-2013-140158,10/5/2013,DR-12940,United States,TEC-CO-10001449,Technology,Copiers,5399.91,9,0,2591.9568,254.03
IN-2012-14920,11/19/2012,JR-15670,China,TEC-CO-10003102,Technology,Copiers,1317.9,5,0,0,253.95
ES-2014-1972860,9/1/2014,NF-18475,Germany,TEC-CO-10001839,Technology,Copiers,1350.09,7,0,256.41,253.73
IN-2013-73608,11/4/2013,MF-17665,China,TEC-MA-10002148,Technology,Machines,1839.18,7,0,238.98,253.5
CA-2013-129630,9/5/2013,IM-15055,United States,TEC-CO-10003763,Technology,Copiers,2799.96,5,0.2,944.9865,253.33
ES-2013-1776729,11/19/2013,EB-13930,United Kingdom,TEC-PH-10004823,Technology,Phones,1908.18,3,0,820.44,253.26
MX-2014-116267,12/31/2014,EB-13975,Brazil,TEC-CO-10000137,Technology,Copiers,1264.466,5,0.002,301.466,253.25
CA-2013-103982,3/4/2013,AA-10315,United States,OFF-SU-10000151,Office Supplies,Supplies,3930.072,3,0.2,-786.0144,253.2
ES-2012-4934238,2/2/2012,JH-15820,Germany,TEC-PH-10004910,Technology,Phones,965.16,7,0,463.26,253.09
IT-2013-5930911,3/19/2013,MV-17485,France,OFF-ST-10000288,Office Supplies,Storage,748.116,4,0.1,282.516,253.03
ES-2012-2674466,3/21/2012,JW-15955,France,FUR-BO-10004844,Furniture,Bookcases,943.866,7,0.1,209.706,252.9
IN-2014-54708,5/24/2014,LA-16780,China,FUR-BO-10001822,Furniture,Bookcases,1447.44,4,0,43.32,252.36
ES-2013-5085939,6/14/2013,FM-14215,Italy,TEC-AC-10003265,Technology,Accessories,1552.5,6,0,62.1,252.17
CA-2011-163748,10/14/2011,HG-15025,United States,TEC-CO-10002095,Technology,Copiers,1999.96,5,0.2,624.9875,252.11
CA-2014-121559,6/2/2014,HW-14935,United States,OFF-AP-10002945,Office Supplies,Appliances,2405.2,8,0,793.716,252
CA-2014-105214,6/17/2014,TS-21610,United States,FUR-CH-10000015,Furniture,Chairs,1212.96,7,0.2,90.972,251.88
MX-2013-109141,12/9/2013,MC-17575,Brazil,FUR-CH-10000885,Furniture,Chairs,919.26,3,0,266.58,251.57
MX-2013-100223,10/9/2013,MC-17635,Mexico,TEC-PH-10003457,Technology,Phones,3045.84,7,0,1035.58,251.05
IN-2013-59888,10/16/2013,CR-12625,Australia,TEC-PH-10000169,Technology,Phones,766.872,2,0.4,114.972,250.36
MO-2011-6660,12/24/2011,JF-5415,Morocco,FUR-BAR-10000946,Furniture,Tables,2880.18,6,0,115.2,250.06
MX-2013-158106,4/16/2013,AH-10210,Brazil,OFF-AP-10001776,Office Supplies,Appliances,1403.36,4,0,449.04,250.03
US-2011-158554,8/9/2011,LH-16750,Dominican Republic,OFF-AP-10000663,Office Supplies,Appliances,1819.104,6,0.2,500.184,249.64
US-2012-134558,12/19/2012,PM-19135,United States,TEC-AC-10004145,Technology,Accessories,2249.91,9,0,517.4793,248.96
IN-2011-47596,10/19/2011,PO-19195,China,FUR-TA-10004383,Furniture,Tables,2018.331,9,0.3,-576.909,248.91
IN-2011-44901,2/23/2011,MG-18205,India,FUR-BO-10002462,Furniture,Bookcases,2065.5,5,0,41.25,248.81
IN-2011-25084,3/10/2011,BM-11785,China,TEC-CO-10003354,Technology,Copiers,1274.16,4,0,382.2,248.59
IN-2014-46777,1/25/2014,KD-16345,India,FUR-BO-10003282,Furniture,Bookcases,2485.62,6,0,795.24,248.41
IT-2014-5245370,6/18/2014,TS-21610,United Kingdom,OFF-AP-10000584,Office Supplies,Appliances,1560.24,3,0,421.2,247.99
IN-2011-73160,12/24/2011,AR-10510,China,TEC-PH-10000780,Technology,Phones,3271.2,5,0,1341.15,247.7
US-2013-130855,1/8/2013,PG-18895,Mexico,FUR-CH-10001332,Furniture,Chairs,751.488,3,0.2,-112.752,246.73
MX-2013-147291,1/4/2013,LC-17050,Guatemala,TEC-PH-10002815,Technology,Phones,2120.8,5,0,275.7,246.39
ES-2014-5576647,1/31/2014,DJ-13420,France,TEC-MA-10001009,Technology,Machines,2102.832,8,0.15,321.552,246.17
ES-2011-1808201,11/4/2011,HK-14890,France,TEC-MA-10004655,Technology,Machines,820.488,8,0.15,183.288,246.09
CA-2014-102204,5/2/2014,CJ-12010,United States,FUR-CH-10002024,Furniture,Chairs,2803.92,5,0.2,0,246.07
IN-2011-12526,6/22/2011,RR-19315,Australia,TEC-CO-10002040,Technology,Copiers,1718.172,6,0.1,610.812,246.05
TZ-2013-3060,9/24/2013,HH-5010,Tanzania,OFF-HAM-10003368,Office Supplies,Appliances,553.44,8,0,16.56,246.05
ES-2012-3032254,8/30/2012,SH-20635,Germany,FUR-TA-10002467,Furniture,Tables,2794.2525,5,0.35,515.7525,245.86
ES-2013-5135305,6/17/2013,SV-20785,France,FUR-CH-10004774,Furniture,Chairs,1242.54,3,0.1,345.15,245.83
CA-2014-118724,7/22/2014,AR-10825,United States,TEC-PH-10002549,Technology,Phones,1626.192,9,0.2,121.9644,245.6
IN-2012-55625,12/18/2012,DV-13465,China,TEC-PH-10003794,Technology,Phones,1274.7,2,0,165.66,245.57
MO-2013-5590,9/25/2013,RP-9855,Morocco,TEC-BEL-10003985,Technology,Accessories,1553.76,6,0,730.26,245.57
MX-2014-118332,3/24/2014,NF-18385,Mexico,FUR-TA-10003641,Furniture,Tables,2205.568,8,0.2,689.088,245.07
CA-2014-157854,4/9/2014,DM-13345,United States,OFF-BI-10001359,Office Supplies,Binders,2690.97,3,0,1264.7559,244.88
ES-2011-1406120,12/3/2011,LR-17035,Germany,TEC-PH-10000160,Technology,Phones,3227.7,5,0,742.35,244.67
IN-2014-17230,5/28/2014,DR-12940,India,FUR-CH-10002573,Furniture,Chairs,1395,3,0,237.15,244.5
ES-2014-5714196,6/14/2014,AF-10870,Germany,FUR-TA-10002951,Furniture,Tables,2291.835,7,0.35,-1128.435,244.3
CF-2011-2380,11/12/2011,IM-5055,Republic of the Congo,FUR-BUS-10004820,Furniture,Bookcases,1660.8,4,0,83.04,244.07
ID-2013-76534,5/31/2013,VG-21805,China,FUR-TA-10004745,Furniture,Tables,2436.672,4,0.3,-487.368,244.03
CA-2014-109085,2/18/2014,CK-12325,United States,FUR-CH-10003981,Furniture,Chairs,899.43,5,0.3,-12.849,243.89
RS-2011-8730,8/17/2011,AS-285,Russia,FUR-HAR-10004086,Furniture,Chairs,954.6,10,0,152.7,243.85
MX-2012-132955,3/6/2012,DK-12985,El Salvador,OFF-AP-10003287,Office Supplies,Appliances,1903,5,0,57,243.79
CA-2012-160227,11/2/2012,ED-13885,United States,FUR-CH-10002073,Furniture,Chairs,2621.322,11,0.1,553.3902,243.77
ES-2014-1133803,8/6/2014,RW-19540,Norway,TEC-CO-10001678,Technology,Copiers,1590.9,5,0,508.95,243.57
IZ-2014-2150,6/18/2014,EH-4185,Iraq,FUR-BUS-10002040,Furniture,Bookcases,1467.36,4,0,469.44,243.14
IN-2014-43550,12/31/2014,ML-17395,Indonesia,FUR-BO-10004679,Furniture,Bookcases,1091.2806,3,0.07,46.9206,243.11
MX-2012-122329,9/24/2012,BF-11215,Nicaragua,TEC-CO-10003346,Technology,Copiers,2014.3632,8,0.002,419.8032,243.06
CG-2013-4000,2/18/2013,MB-7305,Democratic Republic of the Congo,FUR-CHR-10002165,Furniture,Tables,3877.68,8,0,930.48,242.9
US-2014-105998,11/4/2014,CR-12580,United States,FUR-TA-10001095,Furniture,Tables,1673.184,12,0.2,20.9148,242.63
US-2012-150630,9/17/2012,TB-21520,United States,FUR-BO-10004834,Furniture,Bookcases,3083.43,7,0.5,-1665.0522,242.6
IN-2014-35766,11/24/2014,KN-16450,Australia,TEC-PH-10002683,Technology,Phones,2863.35,5,0.1,858.9,242.57
IN-2014-17580,9/23/2014,HR-14770,Philippines,FUR-CH-10000974,Furniture,Chairs,2841.66,8,0.25,189.42,242.38
ES-2014-5507713,11/4/2014,CK-12760,France,TEC-MA-10003223,Technology,Machines,765.459,3,0.15,-36.081,242.18
IN-2014-26120,9/1/2014,PB-19210,Australia,OFF-AP-10000647,Office Supplies,Appliances,1887.84,4,0.1,0,241.89
US-2011-167262,10/31/2011,AC-10450,United States,TEC-PH-10000486,Technology,Phones,742.336,8,0.2,83.5128,241.86
CA-2011-141649,9/30/2011,DM-12955,United States,OFF-AP-10003217,Office Supplies,Appliances,795.408,6,0.2,59.6556,241.68
MX-2014-101980,4/17/2014,AA-10480,Cuba,OFF-AP-10001106,Office Supplies,Appliances,1801.6,5,0,180.1,241.54
IT-2013-3085011,3/8/2013,EB-13840,France,TEC-PH-10003492,Technology,Phones,779.28,5,0.15,-0.12,241.34
AG-2011-8180,2/25/2011,RO-9780,Algeria,TEC-EPS-10004558,Technology,Machines,613.26,2,0,202.32,241.33
CA-2014-167395,12/3/2014,KM-16720,United States,TEC-PH-10004977,Technology,Phones,979.95,5,0,284.1855,240.88
IN-2014-85011,9/16/2014,MR-17545,Australia,FUR-CH-10002980,Furniture,Chairs,1837.56,4,0,275.52,240.32
ES-2013-4779701,7/8/2013,SP-20920,Italy,OFF-AP-10004512,Office Supplies,Appliances,3979.29,7,0,1989.54,240.17
CA-2013-165848,6/5/2013,EN-13780,United States,TEC-MA-10003356,Technology,Machines,1349.85,3,0,364.4595,240.11
MX-2013-105046,12/31/2013,AH-10465,Nicaragua,TEC-CO-10003262,Technology,Copiers,1198.2986,5,0.002,165.5986,240.09
CA-2012-164301,3/26/2012,EB-13840,United States,FUR-TA-10001889,Furniture,Tables,3393.68,8,0,610.8624,240.06
IN-2014-25014,1/29/2014,AH-10585,Australia,FUR-BO-10003282,Furniture,Bookcases,1864.215,5,0.1,455.565,239.83
TU-2011-6390,9/8/2011,CV-2805,Turkey,FUR-HAR-10002873,Furniture,Chairs,1142.64,6,0.6,-571.32,239.71
IT-2014-3219372,2/17/2014,JK-15325,France,FUR-BO-10003126,Furniture,Bookcases,1630.8,5,0.1,18,239.69
LH-2012-9760,5/30/2012,RB-9435,Lithuania,TEC-CIS-10002259,Technology,Phones,1172.664,6,0.7,-1172.736,239.69
IR-2013-3500,1/2/2013,AG-525,Iran,TEC-MOT-10002560,Technology,Phones,2021.88,14,0,323.4,239.62
MX-2012-133305,11/23/2012,AR-10345,Mexico,FUR-BO-10003873,Furniture,Bookcases,836.928,4,0.2,230.128,239.22
SA-2014-1380,4/11/2014,MW-8220,Saudi Arabia,TEC-CIS-10002344,Technology,Phones,1302.78,2,0,286.56,239.04
EG-2012-520,8/3/2012,AH-210,Egypt,OFF-BRE-10004436,Office Supplies,Appliances,2243.88,4,0,246.72,238.95
IN-2014-17503,11/18/2014,FC-14245,Australia,TEC-PH-10000214,Technology,Phones,1221.561,11,0.1,325.611,238.9
IN-2011-36711,12/13/2011,ML-17410,China,OFF-AP-10004168,Office Supplies,Appliances,1609.29,3,0,241.38,238.76
ID-2014-26960,6/20/2014,TH-21235,Australia,TEC-CO-10001222,Technology,Copiers,1596.51,6,0.1,-53.37,238.52
CA-2014-143567,11/3/2014,TB-21175,United States,FUR-CH-10000454,Furniture,Chairs,975.92,4,0,292.776,238.51
IN-2013-11546,5/21/2013,TW-21025,China,TEC-CO-10000972,Technology,Copiers,2018.88,12,0,928.44,238.34
SF-2014-3260,10/3/2014,LT-7110,South Africa,TEC-OKI-10002750,Technology,Machines,1885.32,6,0,18.72,238.23
IT-2011-3911927,12/26/2011,KN-16390,United Kingdom,FUR-TA-10002497,Furniture,Tables,3119.34,7,0,1528.38,238.03
ES-2014-5852851,9/24/2014,HD-14785,Germany,FUR-BO-10002708,Furniture,Bookcases,1964.25,6,0.1,21.69,237.78
CA-2011-124688,8/27/2011,CC-12610,United States,FUR-TA-10003569,Furniture,Tables,1202.94,3,0,300.735,237.41
ID-2014-84269,8/26/2014,BE-11455,Australia,FUR-CH-10002980,Furniture,Chairs,1653.804,6,0.4,-689.256,237.38
SA-2014-1290,11/18/2014,MC-7575,Saudi Arabia,TEC-PAN-10000577,Technology,Machines,621,2,0,180.06,237.28
IN-2012-63759,12/1/2012,CS-12460,India,TEC-CO-10004027,Technology,Copiers,2673.81,9,0,26.73,237.05
ES-2014-1854100,9/6/2014,ME-17320,Italy,FUR-BO-10001392,Furniture,Bookcases,1307.97,3,0,536.22,236.79
IT-2014-5204858,9/30/2014,SW-20275,Italy,TEC-PH-10002935,Technology,Phones,1145.232,3,0.4,-706.248,236.69
CA-2014-103212,10/14/2014,MH-18025,United States,FUR-TA-10003473,Furniture,Tables,1504.52,4,0,346.0396,236.63
MX-2012-102848,9/26/2012,CR-12820,Guatemala,TEC-CO-10000051,Technology,Copiers,1902.10816,8,0.002,872.82816,236.56
ES-2014-4675868,12/30/2014,HM-14860,Switzerland,TEC-CO-10001008,Technology,Copiers,1913.4,10,0,899.1,236.49
MZ-2014-5860,1/20/2014,CC-2475,Mozambique,FUR-SAF-10002112,Furniture,Chairs,1854.72,4,0,778.92,236.26
ES-2013-5785549,7/15/2013,JM-15250,France,FUR-CH-10004910,Furniture,Chairs,2958.984,7,0.1,953.274,236.23
ID-2011-72894,2/28/2011,PS-18970,South Korea,OFF-AP-10000675,Office Supplies,Appliances,810.72,3,0.5,-599.94,236.16
ES-2014-3926182,3/31/2014,CM-12190,France,FUR-BO-10003734,Furniture,Bookcases,2953.584,8,0.1,754.704,236.13
ES-2013-3650909,6/3/2013,QJ-19255,Italy,OFF-AP-10004186,Office Supplies,Appliances,2593.8,5,0,1141.2,236.06
IN-2013-79992,3/5/2013,TS-21505,Indonesia,OFF-AP-10001018,Office Supplies,Appliances,2051.013,5,0.17,667.113,235.88
CA-2014-168858,11/20/2014,JD-16150,United States,OFF-AP-10003849,Office Supplies,Appliances,2504.74,7,0,626.185,235.83
ES-2014-2538638,10/15/2014,CS-11860,Austria,TEC-CO-10001375,Technology,Copiers,1318.65,5,0,567,235.46
IN-2011-54120,5/23/2011,KM-16720,Malaysia,TEC-PH-10002320,Technology,Phones,1120.77,9,0,55.89,235.28
CA-2011-134313,11/1/2011,RA-19915,United States,TEC-PH-10001795,Technology,Phones,1983.968,4,0.2,247.996,235.13
MX-2014-120579,8/29/2014,SB-20185,Brazil,OFF-AP-10003287,Office Supplies,Appliances,3044.8,8,0,91.2,235.08
ES-2014-2275791,6/21/2014,MT-18070,France,FUR-BO-10003738,Furniture,Bookcases,656.856,2,0.1,94.836,234.96
ES-2014-2513617,5/8/2014,JF-15415,United Kingdom,TEC-CO-10001342,Technology,Copiers,2518.95,7,0,1032.57,234.85
NI-2013-6450,8/19/2013,MT-8070,Nigeria,FUR-SAF-10002112,Furniture,Chairs,1669.248,12,0.7,-1558.152,234.85
ES-2013-3061639,6/27/2013,ES-14020,Spain,FUR-BO-10003991,Furniture,Bookcases,2476.08,6,0,1015.02,234.79
CA-2011-133592,12/31/2011,KM-16375,United States,TEC-AC-10002049,Technology,Accessories,1687.8,4,0,742.632,234.73
EN-2011-70,1/24/2011,AB-600,Estonia,TEC-CIS-10002344,Technology,Phones,1302.78,2,0,286.56,234.73
IN-2014-80559,12/4/2014,PS-18970,Australia,FUR-TA-10002650,Furniture,Tables,2125.32,4,0,148.68,234.67
ES-2013-5755406,6/28/2013,EB-13975,United Kingdom,TEC-PH-10002759,Technology,Phones,1954.44,3,0,781.74,234.61
MX-2012-136987,5/24/2012,AF-10870,Brazil,TEC-PH-10004182,Technology,Phones,856.92,2,0,222.76,234.28
IN-2014-35528,12/8/2014,MC-17425,Indonesia,TEC-PH-10000030,Technology,Phones,3696.0315,7,0.17,756.8715,234.16
IN-2012-33820,12/11/2012,CC-12685,India,TEC-PH-10002652,Technology,Phones,1302.96,2,0,182.4,234.15
TU-2014-5220,3/5/2014,EH-4125,Turkey,FUR-HAR-10004593,Furniture,Chairs,1136.664,6,0.6,-880.956,234.15
IN-2014-72516,6/2/2014,IM-15070,Indonesia,TEC-AC-10004938,Technology,Accessories,1043.9304,8,0.47,-295.5096,234.13
IN-2013-45636,6/25/2013,BS-11665,Australia,TEC-CO-10003354,Technology,Copiers,1720.116,6,0.1,382.176,234.13
IV-2011-1910,9/27/2011,SM-10320,Cote d'Ivoire,TEC-KON-10002052,Technology,Machines,1253.76,4,0,200.52,234.11
US-2013-123526,6/5/2013,DA-13450,Honduras,OFF-AP-10000213,Office Supplies,Appliances,2180.244,11,0.4,-690.536,234.04
ES-2013-4897406,10/16/2013,DB-13060,France,TEC-MA-10004446,Technology,Machines,1306.467,6,0.15,107.487,233.74
CA-2013-8350,12/22/2013,SS-10410,Canada,OFF-ROG-10002294,Office Supplies,Storage,1704.96,12,0,272.52,233.11
CA-2014-152912,11/10/2014,BM-11650,United States,OFF-ST-10003208,Office Supplies,Storage,1633.14,9,0,473.6106,232.86
MX-2014-137211,11/21/2014,LC-16885,Mexico,FUR-TA-10002093,Furniture,Tables,775.536,3,0.2,213.216,232.84
ES-2012-5149849,11/10/2012,TC-20980,France,FUR-TA-10002411,Furniture,Tables,2012.049,6,0.35,-1021.671,232.54
IN-2011-31594,6/8/2011,SW-20350,Indonesia,TEC-PH-10001990,Technology,Phones,2166.8976,4,0.17,391.4976,232.49
IN-2014-72054,4/7/2014,JW-15220,India,TEC-PH-10000780,Technology,Phones,3271.2,5,0,1341.15,232.45
MX-2011-140900,10/18/2011,DA-13450,Cuba,TEC-CO-10000771,Technology,Copiers,755.80536,3,0.002,195.34536,232.42
SF-2012-9560,4/25/2012,CM-1830,South Africa,FUR-BUS-10001781,Furniture,Bookcases,2182.68,6,0,327.24,232.24
IN-2012-58887,8/31/2012,CS-11845,China,TEC-PH-10002601,Technology,Phones,1285.56,2,0,51.42,232.17
MX-2012-103618,4/18/2012,MO-17800,Guatemala,TEC-PH-10003560,Technology,Phones,1479.36,12,0,103.44,231.96
US-2013-156713,12/20/2013,CR-12730,Brazil,FUR-TA-10000927,Furniture,Tables,740.184,3,0.6,-407.136,231.52
IT-2013-4063561,6/4/2013,MY-17380,Norway,TEC-MA-10000433,Technology,Machines,1533.15,5,0,505.8,231.35
SA-2012-730,6/25/2012,MS-7830,Saudi Arabia,FUR-BAR-10002449,Furniture,Tables,2563.92,8,0,820.32,231.32
IN-2012-59916,8/16/2012,SW-20755,Australia,TEC-PH-10001670,Technology,Phones,2897.91,5,0.1,901.56,231.16
ID-2014-43494,8/14/2014,HG-14965,Pakistan,OFF-AP-10002312,Office Supplies,Appliances,1582.11,6,0.5,-886.05,231.11
US-2014-109316,6/9/2014,MG-17680,United States,FUR-BO-10004834,Furniture,Bookcases,1497.666,2,0.15,140.9568,231.11
MX-2013-109883,9/3/2013,DC-13285,Guatemala,TEC-PH-10002867,Technology,Phones,2616.96,6,0,26.16,230.47
ES-2014-1753356,5/29/2014,DL-13315,United Kingdom,FUR-TA-10004524,Furniture,Tables,1399.113,3,0.1,108.783,230.35
ES-2013-3667448,6/24/2013,TH-21235,Switzerland,TEC-CO-10001926,Technology,Copiers,3421.71,9,0,1060.56,230.04
CA-2011-128146,6/21/2011,DB-13060,United States,TEC-PH-10004539,Technology,Phones,1322.93,7,0,357.1911,229.09
MX-2014-115105,5/8/2014,JK-15370,Paraguay,TEC-PH-10003870,Technology,Phones,820.08,9,0,98.28,229.09
US-2013-164196,11/12/2013,AS-10285,United States,FUR-TA-10001950,Furniture,Tables,2678.94,6,0,241.1046,228.95
IR-2014-7440,2/13/2014,CH-2070,Iran,FUR-SAU-10004221,Furniture,Bookcases,1198.56,8,0,359.52,228.94
ID-2014-48849,11/28/2014,ST-20530,Australia,FUR-TA-10000226,Furniture,Tables,1832.607,3,0.3,-445.113,228.89
ES-2012-2212320,8/24/2012,SP-20920,Germany,FUR-BO-10003991,Furniture,Bookcases,1857.06,5,0.1,639.51,228.78
CG-2014-80,8/2/2014,MH-7440,Democratic Republic of the Congo,FUR-SAF-10003469,Furniture,Bookcases,1752.6,4,0,455.64,228.7
IN-2013-60700,11/28/2013,MC-17845,India,FUR-TA-10001889,Furniture,Tables,1850.46,2,0,259.02,228.37
IN-2011-12043,8/19/2011,CS-11845,China,FUR-CH-10002250,Furniture,Chairs,2337.15,5,0,1098.45,228.16
ES-2014-5791774,3/13/2014,PW-19030,United Kingdom,FUR-BO-10003881,Furniture,Bookcases,788.4,4,0,291.6,228.13
ES-2013-2409754,4/4/2013,BS-11590,France,TEC-MA-10003780,Technology,Machines,715.53,5,0.15,100.98,227.85
CA-2014-116680,9/5/2014,PK-19075,United States,FUR-TA-10001771,Furniture,Tables,1478.272,8,0.2,92.392,227.79
IN-2014-47806,5/17/2014,DO-13435,India,FUR-TA-10001360,Furniture,Tables,3094.56,6,0,1423.44,227.67
MX-2013-156062,4/23/2013,SG-20890,Guatemala,TEC-CO-10000262,Technology,Copiers,882.0324,9,0.002,148.3524,227.63
CA-2014-157966,3/14/2014,SU-20665,United States,TEC-CO-10001449,Technology,Copiers,959.984,2,0.2,335.9944,227.5
ID-2012-38363,9/14/2012,JC-16105,Australia,FUR-TA-10000299,Furniture,Tables,953.82,3,0.3,-81.81,227.19
IN-2014-76016,9/26/2014,VG-21805,India,FUR-BO-10004043,Furniture,Bookcases,2871.54,7,0,57.33,227.14
IN-2012-45909,10/5/2012,TB-21190,India,TEC-PH-10000030,Technology,Phones,2544.6,4,0,865.08,226.81
ID-2014-79257,10/29/2014,KD-16270,Indonesia,TEC-MA-10000606,Technology,Machines,886.1412,4,0.17,106.7412,226.8
ID-2011-74175,11/23/2011,BM-11140,Indonesia,TEC-MA-10004553,Technology,Machines,473.847,5,0.17,-5.853,226.73
IV-2014-5230,12/10/2014,SV-10785,Cote d'Ivoire,TEC-BRO-10000374,Technology,Copiers,1767.6,12,0,0,226.68
MX-2011-130008,12/9/2011,AH-10030,Mexico,FUR-BO-10001356,Furniture,Bookcases,780.608,4,0.2,-0.032,226.63
CA-2013-165330,12/12/2013,WB-21850,United States,FUR-TA-10004619,Furniture,Tables,892.136,7,0.2,111.517,226.26
ES-2013-1247278,12/17/2013,VP-21760,Spain,OFF-AP-10000330,Office Supplies,Appliances,2711.7,5,0,1220.25,226.25
ES-2014-5218647,4/14/2014,EG-13900,United Kingdom,OFF-AP-10004183,Office Supplies,Appliances,2111.97,7,0,190.05,225.84
ID-2014-61526,12/20/2014,TC-21145,Philippines,FUR-CH-10003846,Furniture,Chairs,1189.2825,9,0.25,-396.4275,225.78
IN-2013-10811,9/17/2013,LR-16915,India,TEC-PH-10003713,Technology,Phones,1908.45,3,0,534.33,225.58
CA-2013-101546,12/19/2013,GK-14620,United States,OFF-BI-10001359,Office Supplies,Binders,1793.98,2,0,843.1706,225.42
CA-2014-154410,10/22/2014,MD-17860,United States,OFF-ST-10002743,Office Supplies,Storage,909.12,8,0,9.0912,225.16
ID-2012-31118,12/26/2012,TH-21550,Thailand,FUR-TA-10002972,Furniture,Tables,1854.9297,9,0.57,-1294.3503,225.02
IN-2013-65677,10/11/2013,HD-14785,China,TEC-MA-10004502,Technology,Machines,924.66,3,0,397.53,225
ID-2012-39875,4/25/2012,TP-21130,China,FUR-TA-10002527,Furniture,Tables,1760.43,5,0.3,-326.97,224.8
RS-2014-5930,6/23/2014,TC-11145,Russia,TEC-SAM-10000765,Technology,Phones,827.28,6,0,397.08,224.64
MX-2012-134355,11/28/2012,JL-15235,Dominican Republic,OFF-AP-10001041,Office Supplies,Appliances,1510.96,5,0.2,509.86,224.28
IN-2014-52636,6/27/2014,DM-13345,India,TEC-CO-10004404,Technology,Copiers,2098.32,8,0,860.16,224.28
MX-2014-120159,6/26/2014,RK-19300,Brazil,FUR-TA-10003307,Furniture,Tables,1938.24,4,0.2,-96.96,223.81
ES-2012-5183060,9/17/2012,CC-12670,Italy,TEC-MA-10004534,Technology,Machines,803.52,5,0.4,-495.63,223.78
IN-2013-55170,11/28/2013,TC-20980,India,FUR-CH-10002872,Furniture,Chairs,1391.76,3,0,97.38,223.52
CA-2014-115882,9/15/2014,DB-13555,United States,OFF-AP-10002534,Office Supplies,Appliances,942.784,4,0.2,94.2784,223.51
ID-2014-19498,7/23/2014,CM-12385,Australia,OFF-ST-10004315,Office Supplies,Storage,952.29,5,0.1,-53.01,223.43
ES-2014-2411166,9/4/2014,BG-11035,Italy,FUR-BO-10004630,Furniture,Bookcases,2927.28,8,0,146.16,223.41
US-2012-127040,12/6/2012,SG-20605,United States,TEC-AC-10002637,Technology,Accessories,1619.91,9,0,97.1946,223.31
CA-2013-157791,12/24/2013,CA-11965,United States,TEC-CO-10002095,Technology,Copiers,1999.96,4,0,899.982,223.21
IN-2014-61967,1/18/2014,MG-17890,Pakistan,OFF-AP-10003963,Office Supplies,Appliances,2117.22,14,0.5,-1736.28,223.13
CA-2012-143105,12/10/2012,MA-17560,United States,TEC-CO-10002095,Technology,Copiers,799.984,2,0.2,249.995,223.13
ID-2014-29655,6/26/2014,MM-17260,Malaysia,FUR-CH-10003950,Furniture,Chairs,2747.7,6,0,82.26,222.78
IN-2012-12589,1/26/2012,TG-21640,Malaysia,FUR-BO-10000666,Furniture,Bookcases,1014.72,7,0,141.96,222.52
IN-2012-46952,7/7/2012,CC-12370,Bangladesh,TEC-PH-10001725,Technology,Phones,1591.56,12,0,79.56,222.4
MX-2011-126375,11/28/2011,SC-20845,Mexico,TEC-MA-10003400,Technology,Machines,533.22,3,0,69.3,222.05
MX-2014-165680,11/27/2014,PS-19045,Brazil,TEC-PH-10000018,Technology,Phones,2124.5,5,0,488.6,221.92
ID-2012-61449,12/7/2012,CB-12025,Indonesia,OFF-ST-10004315,Office Supplies,Storage,1053.8676,6,0.17,-152.4924,221.64
CA-2012-159534,3/20/2012,DH-13075,United States,OFF-BI-10003656,Office Supplies,Binders,1087.936,8,0.2,353.5792,221.62
ES-2012-3820035,12/17/2012,BT-11395,United Kingdom,TEC-MA-10003557,Technology,Machines,1248.84,4,0,249.72,221.58
MX-2013-163580,11/19/2013,SJ-20500,Guatemala,FUR-BO-10004113,Furniture,Bookcases,2040.92,7,0,959.14,221.05
IT-2014-3941500,9/2/2014,MC-17845,France,OFF-ST-10003785,Office Supplies,Storage,1068.714,6,0.1,-0.126,220.97
MX-2014-116337,5/16/2014,MG-18205,Brazil,FUR-BO-10000624,Furniture,Bookcases,875.22,3,0,139.98,220.77
IN-2013-33232,11/5/2013,RA-19915,Australia,TEC-AC-10002719,Technology,Accessories,1403.082,6,0.1,296.082,220.54
PL-2011-3590,11/7/2011,TT-11265,Poland,FUR-SAU-10004653,Furniture,Bookcases,1743.96,4,0,714.96,220.39
IZ-2013-740,4/9/2013,TH-11235,Iraq,TEC-KON-10000837,Technology,Machines,1071.84,4,0,310.8,220.3
IT-2014-3149554,6/12/2014,DM-13015,Italy,TEC-MA-10000461,Technology,Machines,925.02,5,0.4,-447.18,219.98
US-2013-125948,6/10/2013,VG-21790,Argentina,FUR-CH-10002780,Furniture,Chairs,1682.748,9,0.4,-813.492,219.84
IN-2014-33729,7/5/2014,JW-15955,China,FUR-BO-10004648,Furniture,Bookcases,1944.9,5,0,291.6,219.83
IN-2013-46252,5/1/2013,ZC-21910,India,TEC-CO-10000447,Technology,Copiers,3040.8,8,0,1155.36,219.74
CA-2012-147830,12/15/2012,NF-18385,United States,TEC-MA-10000418,Technology,Machines,1799.994,2,0.7,-2639.9912,219.62
MX-2012-122553,11/6/2012,NW-18400,Mexico,TEC-CO-10002009,Technology,Copiers,1003.34928,4,0.002,178.94928,219.53
CA-2014-140326,9/5/2014,HW-14935,United States,FUR-BO-10000112,Furniture,Bookcases,825.174,9,0.3,-117.882,219.28
IN-2011-63598,9/15/2011,VP-21730,Australia,OFF-ST-10003306,Office Supplies,Storage,808.731,7,0.1,-0.189,219.26
ES-2013-4653224,12/26/2013,SS-20410,France,TEC-CO-10004078,Technology,Copiers,2764.3275,11,0.15,-195.4425,219.19
CA-2013-169670,12/26/2013,JE-15715,United States,FUR-CH-10002331,Furniture,Chairs,2563.056,8,0.1,313.2624,219.15
EZ-2014-1650,9/2/2014,AG-270,Czech Republic,FUR-HON-10001851,Furniture,Chairs,457.14,1,0,169.14,218.96
CA-2012-112452,4/4/2012,NC-18340,United States,TEC-CO-10004202,Technology,Copiers,599.98,2,0,209.993,218.9
IN-2013-45636,6/25/2013,BS-11665,Australia,TEC-MA-10003492,Technology,Machines,1933.2,8,0.1,-128.88,218.82
ES-2011-1664904,6/26/2011,BW-11200,France,FUR-BO-10000160,Furniture,Bookcases,704.052,2,0.1,312.912,218.81
IT-2014-5465876,9/24/2014,FM-14215,France,OFF-AP-10000162,Office Supplies,Appliances,1355.13,5,0.1,-60.27,218.75
CA-2011-111871,3/18/2011,EK-13795,United States,FUR-BO-10004218,Furniture,Bookcases,1198.33,10,0.15,70.49,218.62
CA-2012-164882,10/31/2012,SG-20080,United States,TEC-PH-10001578,Technology,Phones,1295.84,4,0.2,145.782,218.4
IN-2013-44075,10/4/2013,PF-19120,China,FUR-CH-10000783,Furniture,Chairs,2819.52,6,0,338.22,218.16
IN-2012-10902,11/8/2012,NL-18310,China,TEC-PH-10002601,Technology,Phones,2571.12,4,0,102.84,217.64
CT-2012-4590,1/28/2012,SC-10725,Central African Republic,TEC-MEM-10002005,Technology,Accessories,976.08,4,0,292.8,217.62
IN-2012-80069,12/19/2012,CA-12265,New Zealand,TEC-PH-10001187,Technology,Phones,607.32,4,0,115.32,217.39
CA-2014-102379,12/3/2014,BB-11545,United States,FUR-CH-10004983,Furniture,Chairs,1159.056,9,0.2,43.4646,217.38
CA-2013-153598,12/4/2013,NM-18520,United States,TEC-AC-10003870,Technology,Accessories,1649.95,5,0,659.98,217.29
US-2014-116862,12/17/2014,AG-10525,Mexico,FUR-CH-10001897,Furniture,Chairs,1697.584,7,0.2,-63.756,217.03
IN-2011-62737,11/16/2011,PL-18925,China,FUR-BO-10001749,Furniture,Bookcases,2063.4,5,0,123.75,216.99
ES-2013-1752483,10/18/2013,AB-10015,France,TEC-CO-10001192,Technology,Copiers,632.043,6,0.15,7.263,216.8
IN-2014-66573,10/9/2014,TS-21505,China,FUR-BO-10004665,Furniture,Bookcases,2906.4,7,0,1220.52,216.07
IN-2014-78396,3/24/2014,MG-18145,India,FUR-TA-10004744,Furniture,Tables,2572.74,3,0,1080.54,216.06
CA-2014-111738,1/4/2014,CM-12385,United States,OFF-BI-10004584,Office Supplies,Binders,2022.272,8,0.2,682.5168,215.83
ES-2012-1139004,12/31/2012,RD-19585,Belgium,OFF-AP-10000437,Office Supplies,Appliances,1583.82,3,0,126.63,215.73
CA-2012-137113,12/1/2012,TW-21025,United States,FUR-CH-10001215,Furniture,Chairs,2003.92,5,0.2,125.245,215.68
CA-2012-154746,11/14/2012,PJ-18835,United States,OFF-AP-10003057,Office Supplies,Appliances,826.11,3,0,322.1829,215.64
ID-2014-29641,4/9/2014,BD-11605,Australia,FUR-CH-10000602,Furniture,Chairs,1656.72,4,0.1,-110.52,215.54
IN-2014-64641,10/4/2014,PB-19105,Australia,TEC-CO-10002376,Technology,Copiers,2015.496,7,0.1,850.836,215.4
ES-2012-4411026,11/10/2012,AB-10150,Spain,TEC-MA-10004669,Technology,Machines,2219.184,8,0.1,24.624,215.35
IN-2014-86663,10/17/2014,GK-14620,New Zealand,TEC-CO-10003019,Technology,Copiers,2533.92,8,0,278.64,215.33
US-2014-122420,12/4/2014,SC-20575,Mexico,FUR-TA-10001572,Furniture,Tables,1410.4,5,0.2,-88.2,215.13
IN-2012-29522,10/25/2012,CC-12475,Japan,FUR-TA-10001786,Furniture,Tables,1773.72,5,0.2,44.22,215
BN-2011-2460,9/21/2011,DO-3435,Benin,TEC-NOK-10004278,Technology,Phones,1377.9,10,0,289.2,214.97
MX-2011-116379,11/11/2011,NS-18505,Mexico,TEC-PH-10004057,Technology,Phones,2582.16,6,0,516.36,214.88
CA-2011-166891,10/4/2011,CC-12220,United States,FUR-CH-10003298,Furniture,Chairs,589.41,5,0.1,-6.549,214.81
IT-2012-3641925,3/13/2012,TS-21430,France,TEC-PH-10003713,Technology,Phones,1257.456,8,0.15,-29.664,214.54
US-2013-150140,4/7/2013,VM-21685,United States,TEC-PH-10002555,Technology,Phones,1294.75,5,0,336.635,214.54
MX-2011-153710,12/29/2011,AZ-10750,Nicaragua,FUR-CH-10003941,Furniture,Chairs,2429.44,8,0,534.4,214.42
CA-2014-145884,10/22/2014,SL-20155,United States,TEC-PH-10000895,Technology,Phones,1439.92,8,0,374.3792,214.24
ES-2014-2067525,1/28/2014,IG-15085,France,FUR-BO-10004053,Furniture,Bookcases,977.022,3,0.1,271.332,214.21
IT-2013-3453314,11/13/2013,SP-20860,France,FUR-CH-10002203,Furniture,Chairs,2891.7,7,0.1,1188.81,214.13
CA-2013-131737,3/18/2013,GZ-14470,United States,OFF-AP-10002945,Office Supplies,Appliances,901.95,3,0,297.6435,214.01
ID-2012-53959,8/15/2012,KM-16225,Australia,TEC-CO-10002350,Technology,Copiers,2042.82,6,0.1,-136.26,213.93
MX-2014-130211,7/14/2014,BS-11365,Brazil,TEC-CO-10003784,Technology,Copiers,997.8004,5,0.002,327.9004,213.78
IN-2012-51173,1/13/2012,TC-21145,Australia,TEC-MA-10003351,Technology,Machines,1411.344,9,0.1,486.054,213.5
IR-2012-2200,4/25/2012,KM-6720,Iran,FUR-IKE-10001312,Furniture,Bookcases,1647,4,0,625.8,213.37
IN-2012-14206,5/7/2012,GM-14440,Australia,TEC-CO-10000953,Technology,Copiers,972.567,3,0.1,194.427,213.19
ID-2013-29060,10/14/2013,AH-10585,Australia,FUR-BO-10004541,Furniture,Bookcases,1313.712,4,0.1,102.072,213.19
IN-2011-34478,8/8/2011,BF-10975,China,TEC-CO-10003759,Technology,Copiers,1273.56,4,0,573,213.03
ES-2011-1058269,12/17/2011,MM-18055,Germany,TEC-PH-10004823,Technology,Phones,1908.18,3,0,820.44,212.94
CA-2011-127614,2/12/2011,NF-18385,United States,FUR-TA-10003715,Furniture,Tables,1256.22,6,0,75.3732,212.94
ID-2011-58229,11/15/2011,RB-19360,Australia,FUR-BO-10004707,Furniture,Bookcases,2398.374,11,0.4,-1479.126,212.87
UP-2012-1620,11/5/2012,NC-8415,Ukraine,TEC-EPS-10003962,Technology,Machines,680.28,4,0,231.24,212.86
ES-2012-5100288,1/7/2012,GR-14560,Norway,TEC-CO-10004662,Technology,Copiers,964.08,3,0,337.41,212.76
CA-2014-143112,10/6/2014,TS-21370,United States,TEC-MA-10001047,Technology,Machines,5199.96,4,0,1351.9896,212.76
IN-2011-11105,9/23/2011,SN-20710,Australia,TEC-CO-10001654,Technology,Copiers,1709.235,5,0.1,588.735,212.72
IZ-2012-4950,8/28/2012,DL-3330,Iraq,FUR-CHR-10001018,Furniture,Tables,929.34,2,0,65.04,212.15
CA-2014-130036,8/28/2014,BP-11185,United States,TEC-AC-10001908,Technology,Accessories,1119.888,14,0.2,209.979,212.12
US-2011-135972,9/21/2011,JG-15115,United States,TEC-CO-10002313,Technology,Copiers,1799.97,3,0,701.9883,211.9
IN-2014-58138,6/17/2014,CJ-11875,Australia,TEC-CO-10000794,Technology,Copiers,2383.857,7,0.1,794.577,211.7
ES-2012-3196841,6/5/2012,AY-10555,United Kingdom,TEC-CO-10002043,Technology,Copiers,1891.5,5,0,832.2,211.56
MX-2013-121209,5/3/2013,CP-12340,Dominican Republic,OFF-AP-10003834,Office Supplies,Appliances,912.24,3,0.2,68.4,211.55
MX-2013-113460,10/2/2013,MP-17470,Nicaragua,TEC-CO-10003158,Technology,Copiers,947.22176,4,0.002,377.70176,211.55
ES-2011-3091823,12/15/2011,PJ-19015,United Kingdom,FUR-BO-10002892,Furniture,Bookcases,1983.015,5,0.1,616.815,211.36
MX-2012-123176,10/25/2012,NC-18415,Nicaragua,TEC-PH-10002306,Technology,Phones,2146.6,5,0,429.3,211.31
ES-2013-4165099,2/18/2013,BV-11245,Spain,TEC-CO-10004567,Technology,Copiers,2879.82,9,0,1295.73,211.3
ES-2014-5617990,9/11/2014,LW-16825,France,FUR-TA-10004649,Furniture,Tables,1622.01,5,0.35,-623.94,211.17
ES-2013-1521931,10/15/2013,BO-11425,France,OFF-AP-10001593,Office Supplies,Appliances,1503.684,6,0.1,284.004,211.16
CA-2013-123540,4/3/2013,DJ-13420,United States,FUR-CH-10000847,Furniture,Chairs,1454.9,5,0,378.274,211.16
ID-2013-33421,10/16/2013,EB-13840,Indonesia,OFF-AP-10001931,Office Supplies,Appliances,893.5614,2,0.17,247.6014,211.08
MX-2014-114874,3/11/2014,SG-20470,Cuba,FUR-TA-10002519,Furniture,Tables,1143.44,2,0,320.16,210.8
MO-2014-4970,9/17/2014,PO-9195,Morocco,TEC-CAN-10004839,Technology,Copiers,2280.6,6,0,136.8,210.65
MX-2011-106985,11/4/2011,CS-11845,Bolivia,OFF-AP-10004646,Office Supplies,Appliances,1401.84,4,0,126.16,210.64
ES-2014-2299862,9/29/2014,KB-16585,Germany,TEC-MA-10003078,Technology,Machines,2088.24,8,0,83.52,210.59
IN-2014-20870,7/9/2014,EM-14140,India,FUR-BO-10003301,Furniture,Bookcases,2194.53,13,0,438.75,210.22
ES-2012-5159841,3/19/2012,KN-16390,Germany,OFF-ST-10001547,Office Supplies,Storage,1527.12,8,0.1,474.96,209.96
IN-2013-42521,6/13/2013,SL-20155,Japan,OFF-AP-10003511,Office Supplies,Appliances,972.615,7,0.5,-486.465,209.86
IT-2013-3376681,8/31/2013,KC-16675,Germany,TEC-MA-10004929,Technology,Machines,794.7,3,0,174.78,209.73
IN-2013-36564,5/24/2013,CM-12115,Malaysia,FUR-CH-10000602,Furniture,Chairs,2761.2,6,0,110.34,209.38
RS-2011-4850,6/29/2011,GZ-4545,Russia,FUR-BUS-10001243,Furniture,Bookcases,3312.24,8,0,1622.88,209.36
MX-2011-163300,12/14/2011,DK-12985,Mexico,FUR-BO-10004725,Furniture,Bookcases,825.792,4,0.2,41.232,209.32
CA-2014-136448,9/17/2014,AS-10090,United States,OFF-BI-10001359,Office Supplies,Binders,538.194,2,0.7,-412.6154,209.3
IN-2013-46798,8/12/2013,DK-12985,India,TEC-PH-10002936,Technology,Phones,3180.3,5,0,381.6,209.29
IN-2012-63255,9/10/2012,PN-18775,China,FUR-CH-10002573,Furniture,Chairs,1860,4,0,316.2,209.07
IN-2013-19176,6/11/2013,MS-17980,India,TEC-PH-10003856,Technology,Phones,2582.16,4,0,361.44,208.88
IN-2013-18805,10/24/2013,EH-14125,Malaysia,TEC-PH-10002742,Technology,Phones,881.1,5,0,184.95,208.56
ES-2013-3346035,6/11/2013,AG-10900,France,TEC-PH-10001396,Technology,Phones,1622.1825,3,0.15,324.3825,208.39
ES-2012-2058076,9/20/2012,AB-10150,United Kingdom,TEC-MA-10004772,Technology,Machines,1677.186,6,0.1,521.766,208.31
IN-2014-50669,5/15/2014,BS-11590,Japan,TEC-PH-10002806,Technology,Phones,1001.88,6,0,230.4,208.13
US-2011-106992,9/19/2011,SB-20290,United States,TEC-MA-10003353,Technology,Machines,2519.958,7,0.4,-251.9958,208.09
ES-2011-4665208,12/10/2011,BP-11185,United Kingdom,OFF-AP-10000717,Office Supplies,Appliances,554.526,2,0.1,-0.054,207.93
MX-2013-151568,10/18/2013,BH-11710,El Salvador,TEC-PH-10002815,Technology,Phones,2120.8,5,0,275.7,207.89
IR-2013-9980,11/29/2013,AS-285,Iran,TEC-CIS-10003501,Technology,Phones,1531.2,10,0,45.9,207.81
QA-2014-940,12/24/2014,LM-7065,Qatar,TEC-CAN-10004913,Technology,Copiers,1572.84,6,0,141.48,207.49
IN-2012-21206,2/6/2012,SC-20800,India,FUR-BO-10000035,Furniture,Bookcases,1236.33,3,0,519.21,207.44
CA-2013-160717,6/7/2013,ME-17320,United States,TEC-PH-10001459,Technology,Phones,3023.928,9,0.2,226.7946,207.32
IN-2014-50473,8/28/2014,AP-10915,China,TEC-CO-10001654,Technology,Copiers,759.66,2,0,311.46,207.21
ID-2013-13086,2/9/2013,SV-20815,Australia,FUR-TA-10000207,Furniture,Tables,2951.991,9,0.3,-632.799,206.92
CA-2014-157987,9/3/2014,AC-10615,United States,FUR-CH-10003379,Furniture,Chairs,1282.41,5,0.1,213.735,206.87
IT-2011-1939979,5/12/2011,MP-18175,France,FUR-TA-10003527,Furniture,Tables,627.276,2,0.35,-135.144,206.61
CA-2013-120369,10/29/2013,VB-21745,United States,FUR-FU-10003806,Furniture,Furnishings,756.8,5,0,75.68,206.61
AL-2013-3830,8/12/2013,TT-11460,Albania,TEC-CIS-10000436,Technology,Phones,553.92,4,0,22.08,206.56
ES-2014-5766954,6/24/2014,PS-18760,Germany,TEC-PH-10000160,Technology,Phones,3873.24,6,0,890.82,206.54
IN-2014-29774,1/31/2014,RR-19525,China,TEC-CO-10001626,Technology,Copiers,791.19,3,0,126.54,206.41
IN-2014-51684,5/26/2014,AC-10420,China,FUR-BO-10004771,Furniture,Bookcases,2470.5,6,0,518.76,206.39
MX-2011-150441,10/26/2011,TP-21130,Mexico,TEC-PH-10000419,Technology,Phones,2120.7,5,0,63.6,206.33
IN-2014-86684,1/28/2014,CG-12040,New Zealand,FUR-BO-10000892,Furniture,Bookcases,759.06,6,0,15.12,206.28
ID-2013-25868,5/22/2013,BG-11035,China,OFF-AP-10001190,Office Supplies,Appliances,1581.03,3,0,790.47,206.05
ID-2011-59055,8/12/2011,CR-12580,Vietnam,TEC-CO-10000666,Technology,Copiers,1161.1971,7,0.37,-147.5229,205.96
TZ-2011-4790,5/3/2011,TR-11325,Tanzania,TEC-HEW-10001074,Technology,Copiers,642.72,2,0,224.94,205.74
MX-2013-145716,8/26/2013,SC-20440,Mexico,TEC-PH-10002867,Technology,Phones,1308.48,3,0,13.08,205.72
IN-2012-28528,10/1/2012,CA-12775,India,FUR-TA-10001786,Furniture,Tables,3547.44,8,0,780.24,205.63
IN-2013-38671,6/25/2013,BT-11680,China,FUR-BO-10002990,Furniture,Bookcases,724.8,2,0,333.36,205.55
CA-2011-166954,4/25/2011,BT-11305,United States,FUR-CH-10003973,Furniture,Chairs,1487.04,5,0.2,148.704,205.45
MX-2014-151470,4/21/2014,CC-12370,Chile,FUR-CH-10001634,Furniture,Chairs,803.52,9,0,80.28,205.34
CA-2013-153682,5/31/2013,BG-11695,United States,TEC-CO-10001046,Technology,Copiers,839.988,2,0.4,69.999,205.23
MX-2014-112459,3/28/2014,DC-13285,Mexico,FUR-TA-10001100,Furniture,Tables,1011.696,7,0.2,126.336,205.22
MX-2014-164889,9/8/2014,JE-15745,Cuba,FUR-TA-10004820,Furniture,Tables,2419.2,7,0,411.18,205.17
MX-2013-129469,11/18/2013,DB-13210,Dominican Republic,OFF-AP-10003561,Office Supplies,Appliances,803.04,5,0.2,180.64,205.15
MX-2014-106901,10/17/2014,LS-17200,Martinique,FUR-TA-10002433,Furniture,Tables,1773.72,6,0,212.76,205.11
ES-2014-1015287,4/16/2014,BN-11470,United Kingdom,TEC-CO-10003471,Technology,Copiers,777.24,4,0,170.88,205.01
ES-2012-2563560,3/7/2012,BE-11335,United Kingdom,TEC-CO-10001162,Technology,Copiers,1893.3,5,0,927.6,205.01
IN-2012-63290,6/18/2012,MH-18025,Australia,OFF-ST-10001719,Office Supplies,Storage,689.094,14,0.1,-53.886,204.72
IT-2011-1646767,7/14/2011,MS-17830,United Kingdom,TEC-PH-10002597,Technology,Phones,737.91,6,0.1,-8.37,204.65
IT-2013-5115273,5/30/2013,JB-15925,Germany,TEC-PH-10003762,Technology,Phones,2570.76,4,0,976.8,204.64
ES-2013-1603822,6/17/2013,TW-21025,United Kingdom,TEC-CO-10000967,Technology,Copiers,1199.76,4,0,479.88,204.43
IN-2014-20499,3/26/2014,GW-14605,China,TEC-CO-10001895,Technology,Copiers,3216.24,9,0,96.39,204.36
US-2011-121664,9/15/2011,SC-20725,Brazil,FUR-TA-10001496,Furniture,Tables,1274.24,5,0.2,-127.46,204.31
ES-2012-1085063,9/20/2012,LR-16915,Finland,OFF-AP-10004464,Office Supplies,Appliances,2145.72,4,0,364.68,204.29
US-2014-111423,8/18/2014,EH-13765,United States,OFF-BI-10003091,Office Supplies,Binders,895.92,5,0.2,302.373,203.94
IN-2011-10286,12/17/2011,PB-19210,Taiwan,FUR-CH-10001913,Furniture,Chairs,882.15,5,0,114.6,203.92
CA-2014-119809,8/19/2014,YS-21880,United States,OFF-BI-10003925,Office Supplies,Binders,2793.528,9,0.2,942.8157,203.72
ES-2011-2566881,8/21/2011,FO-14305,France,OFF-ST-10004855,Office Supplies,Storage,895.05,5,0.1,178.95,203.67
SY-2012-8920,9/24/2012,SV-10815,Syria,TEC-CIS-10001717,Technology,Phones,1570.176,4,0.4,104.616,203.61
IN-2014-48625,4/1/2014,JF-15415,China,FUR-TA-10001633,Furniture,Tables,2614.689,7,0.3,-821.961,203.26
US-2013-113649,8/10/2013,HA-14920,United States,OFF-AP-10002518,Office Supplies,Appliances,569.536,4,0.2,64.0728,203.22
IN-2013-85662,10/17/2013,CK-12595,New Zealand,TEC-CO-10003226,Technology,Copiers,636.78,2,0,286.5,203.2
MX-2013-152996,1/19/2013,SS-20140,Brazil,FUR-BO-10002766,Furniture,Bookcases,2751.2,10,0,110,203.13
